1386868791,887.000000000000,0.496040820000
1386868788,887.000000000000,2.000000000000
1386868784,887.000000000000,2.000000000000
1386868783,887.600000000000,1.000000000000
1386868770,887.500000000000,0.660918780000
1386868770,887.600000000000,0.339081220000
1386868769,887.000000000000,0.200000000000
1386868768,887.000000000000,0.220000000000
1386868735,887.000000000000,0.057096600000
1386868734,887.000000000000,0.142903400000
1386868712,887.000000000000,0.020000000000
1386868692,887.500000000000,0.050000000000
1386868684,887.000000000000,0.050000000000
1386868680,879.990000000000,0.020000000000
1386868680,879.990000000000,0.003781520000
1386868622,887.500000000000,1.000000000000
1386868612,887.500000000000,1.000000000000
1386868600,887.500000000000,1.000000000000
1386868596,887.500000000000,0.550000000000
1386868533,887.500000000000,0.889000010000
1386868532,885.402280000000,0.090999990000
1386868532,887.000000000000,0.020000000000
1386868521,877.000000000000,1.000000000000
1386868488,885.402280000000,0.103999990000
1386868488,887.000000000000,0.010894600000
1386868488,887.402280000000,0.777227760000
1386868488,887.799000000000,7.826642460000
1386868461,885.402280000000,0.094000000000
1386868461,887.490000000000,0.100000000000
1386868461,887.799000000000,3.705000000000
1386868460,882.303380000000,0.101000000000
1386868432,885.402280000000,0.010000000000
1386868411,887.000000000000,1.000000000000
1386868411,887.280000000000,0.000212310000
1386868411,887.790000000000,0.050000000000
1386868411,887.790000000000,0.050000000000
1386868411,887.799000000000,1.795356020000
1386868410,882.300000000000,0.115606940000
1386868410,882.303380000000,0.104000000000
1386868410,883.413800000000,0.310697380000
1386868410,884.980000000000,0.050000000000
1386868410,885.402280000000,0.103999990000
1386868410,886.000000000000,0.020000000000
1386868410,886.750000000000,5.104012070000
1386868410,886.860830000000,0.015000000000
1386868409,879.215320000000,0.104000000000
1386868409,880.000000000000,1.000000000000
1386868409,880.000000000000,0.400746000000
1386868409,880.000000000000,1.000000000000
1386868409,880.000000000000,0.699999990000
1386868409,881.763990000000,0.013221580000
1386868408,878.000000000000,0.501590600000
1386868408,879.000000000000,0.068490190000
1386868408,879.000000000000,1.594596810000
1386868393,872.000000000000,0.172275170000
1386868374,872.000000000000,0.800000000000
1386868331,872.000000000000,0.454590600000
1386868331,878.000000000000,0.047000000000
1386868331,878.000000000000,0.498409400000
1386868330,872.000000000000,0.042409400000
1386868313,871.500000000000,1.134410000000
1386868231,871.000000000000,0.037119990000
1386868231,871.000000000000,0.956880010000
1386868178,871.000000000000,0.000000010000
1386868171,877.000000000000,0.247000000000
1386868171,878.000000000000,0.753000000000
1386868074,868.020000000000,0.290665900000
1386868073,871.000000000000,0.219334100000
1386867976,879.000000000000,0.009315980000
1386867928,871.000000000000,0.015700000000
1386867916,871.000000000000,0.666308680000
1386867907,880.000000000000,1.000000000000
1386867907,880.100000000000,1.136230000000
1386867907,880.100000000000,0.058259860000
1386867906,870.000010000000,3.771631290000
1386867906,870.000010000000,5.599999990000
1386867906,870.000000000000,1.000000000000
1386867906,870.000000000000,1.000000000000
1386867906,870.000000000000,5.338769470000
1386867906,880.000000000000,8.537106370000
1386867905,870.300000000000,0.089793900000
1386867905,870.100260000000,0.182805350000
1386867905,870.100260000000,0.016999990000
1386867892,870.300000000000,1.200000000000
1386867892,870.300000000000,1.200000000000
1386867876,870.300000000000,0.368960000000
1386867876,870.300000000000,0.631040000000
1386867806,870.300000000000,0.031040000000
1386867803,879.000000000000,0.532300000000
1386867803,879.000000000000,0.144806370000
1386867803,879.000000000000,0.010000000000
1386867803,880.000000000000,0.312893630000
1386867789,870.300000000000,0.600000000000
1386867766,879.000000000000,1.000000000000
1386867757,870.100260000000,1.146926470000
1386867756,870.100260000000,0.053073530000
1386867695,870.100260000000,0.024926470000
1386867686,872.000000000000,0.106000000000
1386867686,870.100260000000,0.089000000000
1386867686,868.020000000000,0.475915020000
1386867686,868.020000000000,0.231948510000
1386867685,873.145610000000,0.104000000000
1386867644,872.000000000000,1.000000000000
1386867617,872.000000000000,0.994000000000
1386867609,879.000000000000,0.179750000000
1386867601,875.010000000000,0.100000000000
1386867601,872.000000000000,0.900000000000
1386867578,870.100260000000,0.016000000000
1386867577,870.110000000000,0.100000000000
1386867472,868.020000000000,0.491590710000
1386867471,870.100260000000,0.104999990000
1386867454,868.020000000000,0.201902800000
1386867453,875.000000000000,0.169025730000
1386867453,869.471400000000,0.015749990000
1386867453,868.635990000000,0.013321480000
1386867439,882.303380000000,0.071511160000
1386867439,885.402280000000,0.103999990000
1386867439,887.999000000000,0.824488850000
1386867436,882.303380000000,0.000000010000
1386867431,875.000000000000,0.010974270000
1386867426,882.303380000000,0.032488830000
1386867422,887.999000000000,0.946776580000
1386867418,885.402280000000,0.103999990000
1386867418,886.000000000000,5.733656910000
1386867418,887.320000000000,0.500000000000
1386867418,887.999000000000,21.558343100000
1386867417,882.303380000000,0.104000000000
1386867417,883.660000000000,2.000000000000
1386867381,883.918290000000,0.114192180000
1386867381,885.000000000000,15.000000000000
1386867381,885.000000000000,0.168194690000
1386867381,885.000000000000,1.000000000000
1386867381,885.402280000000,0.104999990000
1386867381,885.900000000000,0.060000000000
1386867381,886.203420000000,0.114942530000
1386867381,886.860830000000,0.015000000000
1386867381,887.555770000000,0.099999990000
1386867381,887.970000000000,0.061622280000
1386867381,887.998900000000,0.112612730000
1386867381,887.999000000000,0.509083530000
1386867380,875.000000000000,0.056628620000
1386867347,874.999990000000,0.138147630000
1386867339,874.999990000000,0.655304490000
1386867321,875.399980000000,0.011000000000
1386867316,875.399980000000,0.085158000000
1386867315,875.000000000000,0.180000000000
1386867314,875.000000000000,0.014971980000
1386867312,875.399980000000,1.879938070000
1386867312,875.399980000000,2.444000020000
1386867312,875.399980000000,0.676061910000
1386867311,875.000000000000,1.000000000000
1386867290,875.399980000000,0.564061950000
1386867288,884.301610000000,0.098999990000
1386867288,884.301630000000,0.605284560000
1386867288,884.311620000000,1.000000000000
1386867288,884.321620000000,0.010000000000
1386867288,884.989970000000,9.558084700000
1386867287,880.000000000000,0.250000000000
1386867287,880.000000000000,13.229080410000
1386867287,880.000000000000,10.000000000000
1386867287,881.000000000000,0.010000000000
1386867287,882.000000000000,3.647667000000
1386867287,882.303380000000,0.104999990000
1386867287,882.970000000000,0.061971230000
1386867287,883.891430000000,0.049573260000
1386867286,879.520000000000,5.520063900000
1386867286,879.666000000000,17.515587850000
1386867286,880.000000000000,0.010000000000
1386867286,880.000000000000,7.346371500000
1386867286,880.000000000000,8.781700000000
1386867286,880.000000000000,0.379858230000
1386867285,876.132930000000,0.116279060000
1386867285,876.138070000000,0.104999990000
1386867285,877.323200000000,0.627332730000
1386867285,877.970000000000,0.062324160000
1386867285,878.942680000000,0.024786630000
1386867285,879.000000000000,0.010000000000
1386867285,879.215320000000,0.104999990000
1386867284,875.200000000000,6.619381480000
1386867284,875.399980000000,5.353326660000
1386867284,875.399980000000,5.353326660000
1386867284,875.399980000000,2.444000020000
1386867284,875.400000000000,1.000000000000
1386867282,875.200000000000,0.202247190000
1386867272,875.200000000000,12.178371330000
1386867268,875.000000000000,0.100000000000
1386867267,875.200000000000,1.000000000000
1386867259,875.000000000000,0.010000000000
1386867256,875.000000000000,0.105000000000
1386867253,875.399980000000,1.000000000000
1386867250,875.000000000000,0.015189880000
1386867242,873.071590000000,0.093999990000
1386867242,875.399980000000,0.906000010000
1386867240,873.071590000000,0.011000000000
1386867224,861.000000000000,0.039340000000
1386867222,861.000000000000,0.048000000000
1386867204,874.999990000000,0.250000000000
1386867203,874.999990000000,1.000000000000
1386867199,860.000000000000,5.600000000000
1386867196,860.000000000000,0.018577470000
1386867195,875.399890000000,0.114233480000
1386867195,875.399980000000,5.599999990000
1386867195,875.399980000000,5.599999990000
1386867195,875.399980000000,5.599999990000
1386867195,875.399980000000,5.599999990000
1386867195,875.399980000000,0.246673450000
1386867194,874.000000000000,0.100000000000
1386867194,874.273890000000,0.024786640000
1386867194,874.990000000000,0.200000000000
1386867194,874.990000000000,5.000000000000
1386867194,874.999990000000,50.399999990000
1386867194,874.999990000000,5.600000000000
1386867194,875.249990000000,0.099999990000
1386867193,872.908760000000,3.799999990000
1386867193,873.000000000000,0.569026750000
1386867193,873.071590000000,0.104999990000
1386867193,873.540000000000,0.099399990000
1386867193,873.908760000000,3.799999990000
1386867193,873.970000000000,0.062609400000
1386867193,873.999000000000,0.182452530000
1386867192,870.015840000000,0.105000000000
1386867192,870.358400000000,0.310985590000
1386867192,871.247970000000,0.014963320000
1386867192,872.000000000000,0.010000000000
1386867192,872.000000000000,0.477916220000
1386867192,872.565440000000,0.091793300000
1386867191,869.000000000000,0.245000000000
1386867191,869.875030000000,0.024786630000
1386867191,869.908760000000,3.799999990000
1386867191,869.970000000000,0.062897270000
1386867191,870.000000000000,1.000000000000
1386867191,870.000000000000,5.500000000000
1386867190,868.600000000000,0.060000000000
1386867190,868.908750000000,5.599999990000
1386867190,868.908750000000,5.599999990000
1386867190,868.908750000000,5.599999990000
1386867190,868.908760000000,3.799999990000
1386867190,868.990000000000,0.100000000000
1386867189,865.735160000000,0.024786630000
1386867189,865.970000000000,0.063187800000
1386867189,866.062440000000,0.117647040000
1386867189,867.000000000000,4.050000000000
1386867189,867.740000000000,0.050000000000
1386867188,865.000000000000,20.031881950000
1386867188,865.000000000000,0.010000000000
1386867178,865.000000000000,1.000000000000
1386867160,865.000000000000,0.500000000000
1386867154,865.000000000000,0.871899800000
1386867149,865.000000000000,0.115606940000
1386867142,860.000000000000,0.811838630000
1386867142,864.980000000000,0.050000000000
1386867142,865.000000000000,4.950000000000
1386867094,865.000000000000,0.700000000000
1386867067,864.990000000000,0.028369170000
1386867067,864.999900000000,2.500000000000
1386867067,865.000000000000,0.959239630000
1386867066,864.990000000000,0.000763290000
1386867055,860.000000000000,1.000000000000
1386867055,864.990000000000,0.011000000000
1386867034,860.000000000000,3.955890500000
1386867033,857.999990000000,0.408481430000
1386867033,857.999990000000,1.978178400000
1386867013,857.999990000000,1.786659830000
1386867013,857.999990000000,3.213340170000
1386866964,857.999990000000,0.310000000000
1386866963,857.999990000000,0.100000000000
1386866961,857.999990000000,1.000000000000
1386866957,857.999990000000,0.036790020000
1386866952,855.100000000000,0.500000000000
1386866941,855.100000000000,0.040000000000
1386866925,857.999990000000,0.950000000000
1386866924,857.990000000000,0.050000000000
1386866919,857.999990000000,3.583449870000
1386866919,857.999990000000,1.416550130000
1386866915,855.100000000000,1.000000000000
1386866890,857.999990000000,0.140000000000
1386866889,857.999990000000,0.100000000000
1386866889,857.999990000000,0.100000000000
1386866884,857.999990000000,1.000000000000
1386866877,858.000000000000,0.560000000000
1386866877,857.999990000000,0.116550120000
1386866865,863.936400000000,0.105000000000
1386866865,865.000000000000,1.000000000000
1386866865,865.000000000000,16.891371680000
1386866864,858.000000000000,0.128233190000
1386866864,858.182500000000,0.012393320000
1386866864,859.000000000000,1.738000000000
1386866864,861.842180000000,0.012393310000
1386866864,861.900000000000,0.006403440000
1386866850,858.000000000000,1.871766810000
1386866849,857.999990000000,0.128233190000
1386866849,858.000000000000,2.000000000000
1386866847,857.999990000000,0.291949960000
1386866847,857.999990000000,0.844849060000
1386866839,855.000000000000,0.205700000000
1386866829,857.999990000000,1.990800000000
1386866825,857.980000000000,0.050000000000
1386866825,857.999990000000,0.050000000000
1386866815,857.999990000000,1.000000000000
1386866811,857.999990000000,6.358018160000
1386866811,857.999990000000,5.535268210000
1386866796,857.999990000000,2.000000000000
1386866786,857.999990000000,0.010000000000
1386866780,857.999990000000,0.500000000000
1386866695,851.000000000000,3.700000000000
1386866692,857.999990000000,0.427239550000
1386866691,857.900000000000,0.068340000000
1386866691,857.999990000000,0.931660000000
1386866667,851.000000000000,0.609000000000
1386866667,851.000000000000,0.391000000000
1386866631,857.900000000000,0.864360000000
1386866606,857.999990000000,10.321595500000
1386866605,857.500000000000,0.315947270000
1386866605,857.980000000000,1.670000000000
1386866605,857.999000000000,0.994699990000
1386866587,857.500000000000,0.075000000000
1386866558,857.999990000000,1.000000000000
1386866541,850.010000000000,0.010000000000
1386866522,858.000000000000,0.863856000000
1386866507,857.000000000000,0.500000000000
1386866507,858.000000000000,0.364119200000
1386866483,858.000000000000,0.856800000000
1386866483,858.000000000000,1.000000000000
1386866475,845.020000000000,4.473000000000
1386866469,857.550000000000,0.050000000000
1386866469,858.000000000000,6.124111170000
1386866468,850.000000000000,0.370000000000
1386866468,851.000000000000,1.200000000000
1386866468,857.000000000000,0.464482520000
1386866468,857.261110000000,0.011282840000
1386866467,849.900000000000,1.780123470000
1386866457,849.900000000000,0.127474580000
1386866449,855.011880000000,0.012393310000
1386866449,857.000000000000,0.535517480000
1386866448,850.000000000000,0.439695890000
1386866448,851.841250000000,0.012393320000
1386866436,845.010000000000,2.000000000000
1386866428,850.000000000000,0.190000000000
1386866402,850.000000000000,0.257927440000
1386866400,850.000000000000,0.100000000000
1386866390,840.000000000000,0.916141000000
1386866386,840.000000000000,0.100000000000
1386866386,840.000000000000,0.200000000000
1386866386,840.000000000000,0.240238100000
1386866386,840.000000000000,0.035800000000
1386866386,840.000000000000,2.750000000000
1386866386,840.000000000000,0.010000000000
1386866386,840.000000000000,0.100000000000
1386866386,840.000000000000,0.500000000000
1386866386,840.000000000000,0.034242100000
1386866386,840.000000000000,0.475712420000
1386866385,846.116780000000,0.012000000000
1386866385,844.450230000000,0.011368110000
1386866385,843.165710000000,0.011000000000
1386866385,843.165710000000,0.028540410000
1386866385,840.300000000000,4.489498860000
1386866385,840.224930000000,0.114000000000
1386866385,840.010000000000,0.010000000000
1386866372,852.408630000000,0.012376660000
1386866365,862.000000000000,0.055607980000
1386866361,866.000000000000,1.010000000000
1386866361,866.970790000000,0.105000000000
1386866361,867.000000000000,0.600489300000
1386866360,857.563540000000,0.011278860000
1386866360,860.608040000000,0.031435530000
1386866360,865.700000000000,0.241796310000
1386866357,840.300000000000,0.589336740000
1386866356,845.100000000000,1.253148480000
1386866356,845.000000000000,0.145680460000
1386866356,845.000000000000,0.011834320000
1386866353,865.000000000000,0.587544070000
1386866353,865.000000000000,1.000000000000
1386866353,865.291380000000,0.012284520000
1386866353,865.700000000000,2.758203690000
1386866352,864.000000000000,1.129999990000
1386866352,864.000000000000,0.962688990000
1386866352,864.500000000000,1.253344210000
1386866352,864.600000000000,0.342827900000
1386866352,864.690000000000,0.050000000000
1386866352,864.700000000000,1.399999990000
1386866351,862.000000000000,3.282000000000
1386866351,862.000000000000,0.010000000000
1386866351,862.000000000000,0.028085320000
1386866351,863.000000000000,4.700529970000
1386866346,840.000000000000,3.000000000000
1386866346,840.420000000000,0.050000000000
1386866346,840.300000000000,4.921164400000
1386866345,841.000000000000,10.000000000000
1386866345,841.000000000000,0.643291990000
1386866345,841.000000000000,0.110373670000
1386866345,841.000000000000,0.057164050000
1386866345,841.000000000000,0.606000000000
1386866345,841.000000000000,0.200000000000
1386866345,840.924930000000,0.529729180000
1386866345,840.918180000000,0.149999990000
1386866345,840.896770000000,0.179736200000
1386866345,840.000000000000,0.500000000000
1386866344,841.030000000000,0.064118840000
1386866344,841.020000000000,0.891774260000
1386866344,841.000000000000,0.110000000000
1386866344,841.000000000000,0.012500000000
1386866344,841.000000000000,0.011700000000
1386866344,841.000000000000,15.000000000000
1386866344,841.000000000000,1.000000000000
1386866344,841.000000000000,0.150000000000
1386866343,840.000000000000,0.010000000000
1386866343,839.500000000000,0.119118510000
1386866342,842.230980000000,0.092992860000
1386866342,842.200000000000,1.100000000000
1386866342,842.121200000000,10.000000000000
1386866342,842.000000000000,1.250000000000
1386866342,842.000000000000,1.000000000000
1386866342,842.000000000000,0.000202850000
1386866341,843.979700000000,0.021009550000
1386866341,843.663510000000,0.093615590000
1386866341,843.190000000000,0.010000000000
1386866341,843.165710000000,0.013999990000
1386866341,843.000000000000,0.500000000000
1386866341,843.000000000000,0.400000000000
1386866341,842.550000000000,0.500000000000
1386866340,844.748140000000,0.011364100000
1386866340,844.500000000000,0.118413250000
1386866340,844.240000000000,0.100000000000
1386866340,844.216960000000,0.010304990000
1386866340,844.091360000000,0.117647050000
1386866340,844.000000000000,1.000000000000
1386866339,846.116780000000,0.009999990000
1386866339,845.000000000000,2.971629870000
1386866339,845.000000000000,0.060000000000
1386866316,845.000000000000,0.050000000000
1386866316,845.000000000000,0.470000000000
1386866316,845.000000000000,0.010650890000
1386866316,845.000000000000,0.500000000000
1386866316,845.000000000000,0.012900000000
1386866316,845.000000000000,2.018278730000
1386866315,846.116780000000,0.059999990000
1386866315,845.000000000000,2.555494440000
1386866315,845.000000000000,0.010000000000
1386866315,845.000000000000,0.106932310000
1386866315,845.000000000000,0.058231250000
1386866315,845.000000000000,0.300000000000
1386866314,850.000000000000,0.100000000000
1386866314,847.100000000000,3.000000000000
1386866314,847.000000000000,0.028254850000
1386866302,864.600000000000,0.657172100000
1386866301,861.719380000000,0.011224470000
1386866301,863.515850000000,1.188280320000
1386866301,864.200000000000,0.143323110000
1386866294,845.000000000000,0.330000000000
1386866294,845.000000000000,0.010000000000
1386866294,845.000000000000,25.000000000000
1386866294,845.000000000000,0.944505560000
1386866293,845.030000000000,0.063815330000
1386866293,845.020000000000,1.000000000000
1386866293,845.010000000000,0.011834180000
1386866293,845.000000000000,4.000000000000
1386866293,845.000000000000,1.656804720000
1386866293,845.000000000000,0.975494160000
1386866292,846.000000000000,0.010000000000
1386866292,845.811720000000,0.100590050000
1386866292,845.800370000000,0.015651830000
1386866292,845.800000000000,0.283759990000
1386866292,845.220000000000,1.000000000000
1386866292,845.200000000000,0.125800000000
1386866292,845.101010000000,1.000000000000
1386866291,846.116780000000,0.009999990000
1386866291,846.020000000000,0.886503870000
1386866291,846.010000000000,1.000000000000
1386866291,846.000000000000,5.000000000000
1386866291,846.000000000000,0.011044430000
1386866291,846.000000000000,0.000592160000
1386866290,847.000000000000,1.010000000000
1386866290,847.000000000000,1.100000000000
1386866290,846.602200000000,0.075492270000
1386866290,846.400000000000,0.367187500000
1386866289,847.000000000000,1.606415880000
1386866289,847.000000000000,6.566508080000
1386866278,847.100000000000,0.100000000000
1386866278,847.000000000000,1.446500370000
1386866277,853.100000000000,0.010549760000
1386866277,850.000000000000,1.479305870000
1386866277,849.078180000000,0.070000000000
1386866240,849.078180000000,0.105999990000
1386866240,848.841880000000,0.011309280000
1386866240,848.110000000000,2.000000000000
1386866240,848.000000000000,1.000000000000
1386866240,848.000000000000,1.049050000000
1386866240,847.200000000000,1.900000000000
1386866240,847.200000000000,0.053070690000
1386866240,847.000000000000,5.000000000000
1386866240,847.000000000000,1.947083750000
1386866239,851.550000000000,2.000000000000
1386866239,851.550000000000,2.000000000000
1386866239,850.030000000000,1.000000000000
1386866239,850.000010000000,0.997647050000
1386866239,850.000000000000,0.250000000000
1386866239,850.000000000000,0.144188240000
1386866239,849.980000000000,1.000000000000
1386866238,853.000000000000,0.100000000000
1386866238,853.000000000000,0.004917920000
1386866238,853.000000000000,0.880000000000
1386866238,853.000000000000,5.000000000000
1386866238,851.644650000000,0.012720480000
1386866237,855.000000000000,0.600000000000
1386866237,854.000000000000,4.822344260000
1386866237,853.000000000000,1.977152550000
1386866237,853.000000000000,4.827997670000
1386866237,853.000000000000,2.423810070000
1386866183,853.000000000000,0.979269690000
1386866165,863.500000000000,1.000000000000
1386866136,853.000000000000,0.074796500000
1386866132,864.000000000000,0.200000000000
1386866123,865.000000000000,0.399509790000
1386866123,865.000000000000,0.010000000000
1386866123,866.950000000000,0.590490210000
1386866123,866.950000000000,1.100000000000
1386866107,864.000000000000,2.844968920000
1386866107,864.000000000000,0.200000000000
1386866107,864.500000000000,0.142618420000
1386866107,865.000000000000,1.812412660000
1386866086,864.000000000000,1.000000000000
1386866081,864.000000000000,0.017656860000
1386866077,853.000000000000,0.062801970000
1386866077,853.000000000000,0.783374030000
1386866068,864.515850000000,0.137374210000
1386866063,865.000000000000,0.347015040000
1386866051,864.499990000000,0.049999990000
1386866051,864.515850000000,0.012625800000
1386866042,853.000000000000,1.043700000000
1386865992,850.000000000000,1.050000000000
1386865992,850.000000000000,3.888279530000
1386865991,850.000000000000,1.000000000000
1386865990,852.160500000000,0.012720480000
1386865990,852.049950000000,0.036999990000
1386865979,866.970790000000,0.077625790000
1386865979,867.200000000000,0.922374210000
1386865974,865.039500000000,0.012625790000
1386865974,866.970790000000,0.027374210000
1386865967,852.049950000000,0.025574160000
1386865967,852.049950000000,0.011425830000
1386865967,846.602200000000,0.025108680000
1386865965,847.000000000000,5.000000000000
1386865965,847.000000000000,0.100000000000
1386865965,847.000000000000,5.000000000000
1386865964,849.078180000000,0.104999990000
1386865964,849.000000000000,0.000075110000
1386865964,848.537880000000,0.012720480000
1386865964,848.415470000000,0.534867400000
1386865964,847.700000000000,4.000000000000
1386865964,847.654000000000,0.100000000000
1386865964,847.300000000000,0.143479290000
1386865962,850.000000000000,1.005880000000
1386865962,850.000000000000,1.530700000000
1386865961,850.000000000000,2.923832050000
1386865961,850.000000000000,9.690075330000
1386865961,850.000000000000,0.250000000000
1386865956,852.049950000000,0.050000000000
1386865952,867.200000000000,1.000000000000
1386865951,867.000000000000,0.315370160000
1386865951,867.200000000000,0.684629840000
1386865942,850.000000000000,0.089240560000
1386865941,850.000000000000,0.062468390000
1386865940,850.000000000000,1.924702050000
1386865940,850.000000000000,1.136353550000
1386865939,852.049950000000,0.020999990000
1386865939,850.000000000000,2.121738930000
1386865934,867.200000000000,0.500000000000
1386865933,865.000000000000,0.500000000000
1386865928,866.970790000000,0.086461340000
1386865928,867.200000000000,0.076326030000
1386865926,866.970790000000,0.018538650000
1386865921,867.200000000000,0.871484700000
1386865921,850.000000000000,0.010000000000
1386865918,851.743940000000,0.012720490000
1386865918,850.000000000000,0.023559020000
1386865917,854.950000000000,0.012720490000
1386865905,865.000000000000,1.000000000000
1386865901,864.568190000000,0.010000000000
1386865886,867.774250000000,0.012625800000
1386865886,868.000000000000,1.123653490000
1386865886,868.000000000000,0.123033640000
1386865885,866.970790000000,0.105000000000
1386865885,867.534340000000,1.000000000000
1386865885,867.750000000000,5.061544960000
1386865884,866.900000000000,0.330702110000
1386865856,850.000000000000,0.381428070000
1386865856,849.000000000000,0.104767580000
1386865855,864.568190000000,0.012625790000
1386865855,865.000000000000,0.141350760000
1386865855,866.970790000000,0.105000000000
1386865855,867.000000000000,1.556546500000
1386865855,867.000000000000,3.512927610000
1386865855,867.400000000000,6.120266430000
1386865854,855.000000000000,0.719104200000
1386865854,855.000000000000,0.039174000000
1386865854,861.362130000000,0.012625790000
1386865854,862.000000000000,1.000000000000
1386865854,863.884470000000,0.031435530000
1386865853,850.000000000000,0.050000000000
1386865848,855.000000000000,2.000000000000
1386865848,855.000000000000,0.029301160000
1386865847,855.000000000000,0.061504640000
1386865841,850.000000000000,0.015571930000
1386865821,855.000000000000,0.100000000000
1386865813,854.900000000000,0.060000000000
1386865813,851.000000000000,0.100000000000
1386865813,851.000000000000,0.158636900000
1386865813,850.000000000000,0.281363100000
1386865806,855.000000000000,11.695906430000
1386865787,855.000000000000,0.050000000000
1386865786,855.000000000000,0.200000000000
1386865771,854.900000000000,0.399472730000
1386865771,855.000000000000,1.600527270000
1386865765,849.000000000000,0.050000000000
1386865749,855.000000000000,0.029009130000
1386865741,855.000000000000,5.000000000000
1386865731,850.500000000000,0.649726170000
1386865731,850.110000000000,0.228101890000
1386865731,850.000000000000,0.926817780000
1386865731,848.415470000000,0.185354160000
1386865730,850.500000000000,0.713001640000
1386865727,855.000000000000,0.030000000000
1386865683,847.000000000000,1.303182220000
1386865682,847.000000000000,0.105000000000
1386865681,847.000000000000,8.535060930000
1386865681,847.000000000000,0.247000000000
1386865681,847.000000000000,0.010000000000
1386865672,848.000000000000,0.003985630000
1386865672,847.674790000000,0.199999990000
1386865672,847.288250000000,0.023676160000
1386865672,847.100000000000,0.300000000000
1386865672,847.012340000000,0.199999990000
1386865672,847.000000000000,0.964939070000
1386865671,849.000000000000,0.055912040000
1386865671,849.000000000000,0.500000000000
1386865671,849.000000000000,0.010000000000
1386865671,848.527570000000,1.947988290000
1386865671,848.525340000000,0.021009540000
1386865671,848.499020000000,0.100000000000
1386865671,848.420000000000,0.050000000000
1386865671,848.415470000000,0.720221570000
1386865670,849.000000000000,0.070999990000
1386865670,849.000000000000,0.728995210000
1386865670,849.000000000000,1.006708810000
1386865670,849.000000000000,0.100000000000
1386865670,849.000000000000,30.034160000000
1386865670,849.000000000000,0.040000000000
1386865670,849.000000000000,0.109342170000
1386865669,849.500000000000,0.117716290000
1386865669,849.500000000000,23.000000000000
1386865669,849.411380000000,0.092599750000
1386865669,849.393940000000,0.052509570000
1386865669,849.170000000000,0.300000000000
1386865669,849.078180000000,0.104999990000
1386865669,849.000000000000,0.071188790000
1386865668,850.000000000000,11.500000000000
1386865668,850.000000000000,0.052941180000
1386865668,850.000000000000,1.000000000000
1386865668,850.000000000000,0.040000000000
1386865668,849.861800000000,0.062006850000
1386865668,849.840000000000,0.010000000000
1386865667,850.000000000000,0.250000000000
1386865667,850.000000000000,10.000000000000
1386865667,850.000000000000,0.015502800000
1386865667,850.000000000000,0.025000000000
1386865667,850.000000000000,1.176470590000
1386865667,850.000000000000,0.051576900000
1386865667,850.000000000000,0.350588240000
1386865667,850.000000000000,1.640000000000
1386865666,850.190000000000,0.012139670000
1386865666,850.180000000000,0.100000000000
1386865666,850.100000000000,3.000000000000
1386865666,850.000000000000,0.593960060000
1386865666,850.000000000000,0.080000000000
1386865666,850.000000000000,0.500000000000
1386865665,851.000000000000,1.680343650000
1386865665,851.000000000000,5.000000000000
1386865665,851.000000000000,0.317273800000
1386865665,850.990000000000,1.215243410000
1386865665,850.700000000000,0.400000000000
1386865645,868.900000000000,0.030000000000
1386865634,851.100000000000,0.196000000000
1386865634,851.030000000000,0.390000000000
1386865634,851.000000000000,3.819656340000
1386865633,865.000000000000,0.010000000000
1386865633,860.000000000000,0.349999990000
1386865633,855.280630000000,0.012139680000
1386865633,853.000000000000,0.142203990000
1386865633,852.000000000000,0.600000000000
1386865559,869.471400000000,0.015749990000
1386865559,870.000000000000,1.168309840000
1386865559,870.000000000000,0.640462840000
1386865558,866.000000000000,1.700000000000
1386865558,868.000000000000,1.516351530000
1386865558,868.000000000000,1.660000000000
1386865558,868.158130000000,0.012049300000
1386865558,868.534340000000,1.000000000000
1386865518,850.190000000000,0.027398950000
1386865518,864.404150000000,0.012049310000
1386865518,868.000000000000,0.056439050000
1386865514,852.061250000000,0.012139680000
1386865514,851.000000000000,0.059861370000
1386865513,867.000000000000,0.744792050000
1386865513,867.000000000000,0.441770000000
1386865513,867.000000000000,0.140764060000
1386865513,868.000000000000,0.672673890000
1386865512,851.000000000000,0.140138620000
1386865511,864.938750000000,0.000939880000
1386865511,867.000000000000,0.009060120000
1386865510,864.938750000000,0.011109420000
1386865504,850.000000000000,0.138408300000
1386865502,867.000000000000,0.446147830000
1386865483,868.000000000000,0.040000000000
1386865478,850.200000000000,0.141613740000
1386865478,850.000000000000,0.238069460000
1386865474,868.000000000000,0.110000000000
1386865473,867.000000000000,0.390000000000
1386865471,850.000000000000,1.000000000000
1386865471,850.000000000000,0.010588240000
1386865471,850.000000000000,0.823562180000
1386865470,850.000000000000,2.668590400000
1386865470,850.000000000000,0.043990040000
1386865470,850.000000000000,0.042869140000
1386865470,850.000000000000,0.022000000000
1386865469,850.000000000000,0.220339850000
1386865469,850.000000000000,0.020000000000
1386865469,850.000000000000,0.789352930000
1386865469,850.000000000000,1.000000000000
1386865469,850.000000000000,0.500000000000
1386865469,850.000000000000,2.331409600000
1386865468,850.000000000000,0.427917870000
1386865468,850.000000000000,0.050000000000
1386865468,850.000000000000,4.000000000000
1386865468,850.000000000000,0.100000000000
1386865468,850.000000000000,0.117647060000
1386865468,850.000000000000,0.030000000000
1386865467,850.000000000000,0.060000000000
1386865467,850.000000000000,1.838000000000
1386865467,850.000000000000,0.250000000000
1386865467,850.000000000000,0.702000000000
1386865467,850.000000000000,0.159483840000
1386865467,850.000000000000,1.000000000000
1386865466,855.000000000000,4.290220010000
1386865466,850.008760000000,0.366663380000
1386865466,850.000000000000,25.404368280000
1386865466,850.000000000000,0.054018720000
1386865460,850.200000000000,0.794715650000
1386865455,850.200000000000,2.000145330000
1386865445,850.200000000000,7.999854670000
1386865441,869.448500000000,0.150000000000
1386865441,869.800000000000,0.050000000000
1386865426,853.000000000000,0.201703810000
1386865416,867.000000000000,0.057897800000
1386865416,860.000000000000,0.010500000000
1386865416,855.000000000000,5.000000000000
1386865415,867.000000000000,0.052357550000
1386865414,869.800000000000,0.010000000000
1386865406,867.000000000000,0.139744650000
1386865402,869.800000000000,0.200000000000
1386865398,869.800000000000,0.010000000000
1386865370,850.000000000000,1.768000000000
1386865370,850.000000000000,1.000000000000
1386865370,850.000000000000,0.200000000000
1386865370,850.000000000000,0.200000000000
1386865370,850.000000000000,3.000000000000
1386865370,850.000000000000,10.350809680000
1386865370,850.000000000000,18.595631720000
1386865369,850.000000000000,0.517099450000
1386865369,850.000000000000,0.010000000000
1386865369,850.000000000000,0.010588240000
1386865369,850.000000000000,15.000000000000
1386865369,850.000000000000,3.236870820000
1386865369,850.000000000000,1.176470590000
1386865369,850.000000000000,1.077272170000
1386865369,850.000000000000,1.000000000000
1386865369,850.000000000000,1.162500000000
1386865368,850.000000000000,0.010000000000
1386865368,850.000000000000,1.000000000000
1386865368,850.000000000000,0.010000000000
1386865368,850.000000000000,0.100000000000
1386865368,850.000000000000,0.080408740000
1386865368,850.000000000000,1.000000000000
1386865368,850.000000000000,1.012941180000
1386865368,850.000000000000,5.000000000000
1386865368,850.000000000000,1.000000000000
1386865368,850.000000000000,0.469588210000
1386865368,850.000000000000,0.110000000000
1386865367,850.000000000000,0.100000000000
1386865367,850.000000000000,1.012000000000
1386865367,850.000000000000,2.234117650000
1386865367,850.000000000000,9.570000000000
1386865367,850.000000000000,0.584705880000
1386865367,850.000000000000,2.000000000000
1386865367,850.000000000000,5.000000000000
1386865367,850.000000000000,0.400000000000
1386865367,850.000000000000,0.200000000000
1386865367,850.000000000000,0.804705870000
1386865366,850.100000000000,10.000000000000
1386865366,850.010000000000,0.000874040000
1386865366,850.010000000000,0.010100000000
1386865366,850.000000000000,32.066525350000
1386865366,850.000000000000,0.176470590000
1386865366,850.000000000000,2.000000000000
1386865366,850.000000000000,0.180000000000
1386865366,850.000000000000,0.023529400000
1386865366,850.000000000000,0.316636570000
1386865366,850.000000000000,0.105000000000
1386865365,851.000000000000,0.010000000000
1386865365,851.000000000000,3.525264380000
1386865365,851.000000000000,5.178400000000
1386865365,850.587400000000,0.800000000000
1386865365,850.500000000000,0.587889480000
1386865365,850.300000000000,1.595000000000
1386865365,850.110000000000,1.000000000000
1386865365,850.100000000000,0.681920920000
1386865365,850.100000000000,0.100000000000
1386865365,850.100000000000,0.396423940000
1386865364,852.049950000000,0.092999990000
1386865364,852.000000000000,0.017605620000
1386865364,852.000000000000,1.173708910000
1386865364,851.508740000000,0.800000000000
1386865364,851.000000000000,0.968500000000
1386865364,851.000000000000,0.169212680000
1386865364,851.000000000000,1.000000000000
1386865364,851.000000000000,1.168263220000
1386865364,851.000000000000,0.587544070000
1386865364,851.000000000000,0.052000000000
1386865363,854.030000000000,0.063142830000
1386865363,854.021850000000,0.116279050000
1386865363,853.000000000000,0.781526150000
1386865363,852.422940000000,0.016519990000
1386865362,863.884470000000,0.010504770000
1386865362,860.608040000000,0.010504770000
1386865362,860.608040000000,2.409924020000
1386865362,860.000000000000,0.010100000000
1386865362,860.000000000000,10.000000000000
1386865362,860.000000000000,1.600000000000
1386865362,860.000000000000,2.000000000000
1386865362,860.000000000000,0.500000000000
1386865362,856.000000000000,0.480801030000
1386865362,856.000000000000,1.000000000000
1386865362,855.000000000000,1.010000000000
1386865361,867.590950000000,0.115261680000
1386865361,867.457500000000,16.913489730000
1386865361,865.430890000000,0.010525760000
1386865361,865.000000000000,0.584000000000
1386865360,867.600000000000,0.300000000000
1386865353,875.399990000000,0.010000000000
1386865351,875.399990000000,0.010500000000
1386865322,875.400000000000,0.200000000000
1386865322,875.400000000000,7.473489640000
1386865315,875.400000000000,0.167920900000
1386865291,876.000000000000,0.091342650000
1386865254,876.000000000000,0.108657350000
1386865241,876.000000000000,0.200000000000
1386865238,876.000000000000,0.005544770000
1386865237,876.000000000000,0.010000000000
1386865178,876.132930000000,0.027480220000
1386865178,877.000000000000,0.526628480000
1386865161,876.138070000000,0.094721000000
1386865160,876.132930000000,0.105279000000
1386865157,876.132930000000,0.011000000000
1386865138,867.457500000000,1.173592100000
1386865137,877.100000000000,0.029028350000
1386865126,877.100000000000,0.150000000000
1386865125,877.100000000000,4.622496080000
1386865124,877.100000000000,0.020000000000
1386865114,877.100000000000,0.105000000000
1386865107,877.100000000000,0.105000000000
1386865100,877.100000000000,0.026772160000
1386865099,879.000000000000,0.300000000000
1386865099,877.100000000000,0.918316680000
1386865087,879.000000000000,1.356728620000
1386865087,879.000000000000,0.143271380000
1386865079,879.215320000000,0.084999990000
1386865079,879.215320000000,0.105000000000
1386865078,879.000000000000,0.010000000000
1386865049,879.215320000000,0.020000000000
1386865041,879.666000000000,0.068552860000
1386865040,867.457500000000,0.010000000000
1386865039,876.483840000000,0.010470990000
1386865039,879.666000000000,2.095859290000
1386865024,867.457500000000,0.010515860000
1386865022,873.221490000000,0.010470990000
1386865022,879.970000000000,0.062182510000
1386865022,880.000000000000,0.127346500000
1386865013,880.000000000000,0.600191850000
1386865005,867.457500000000,0.033244330000
1386864998,880.000000000000,0.184250010000
1386864997,869.471400000000,0.015749990000
1386864975,867.457500000000,0.010000000000
1386864974,867.457500000000,0.449157970000
1386864970,850.100000000000,0.065931100000
1386864968,853.253290000000,0.010595320000
1386864968,852.422940000000,0.016519990000
1386864968,852.333000000000,9.720000000000
1386864968,851.000000000000,0.060000000000
1386864968,851.000000000000,0.316098710000
1386864968,850.100000000000,0.087147980000
1386864967,855.100000000000,0.087241250000
1386864967,855.000000000000,29.815056960000
1386864967,855.000000000000,1.000000000000
1386864967,855.000000000000,0.027646100000
1386864967,854.030000000000,0.063142830000
1386864967,853.987090000000,0.044322170000
1386864966,871.283820000000,0.012972570000
1386864966,870.506150000000,0.012972580000
1386864966,863.434450000000,0.010550100000
1386864966,860.172100000000,0.010550110000
1386864966,856.000000000000,8.430183340000
1386864954,883.918290000000,0.114192180000
1386864954,884.451840000000,0.012876010000
1386864954,886.000000000000,0.148131730000
1386864953,874.841680000000,0.010451580000
1386864953,878.110080000000,0.010451580000
1386864950,858.030000000000,0.017032400000
1386864950,856.000000000000,1.569816660000
1386864946,861.768090000000,0.010530560000
1386864946,861.030000000000,0.062629490000
1386864946,858.030000000000,0.045816070000
1386864945,871.719070000000,0.015418490000
1386864945,867.457500000000,0.200000000000
1386864945,867.457500000000,0.200000000000
1386864945,867.457500000000,0.038724610000
1386864945,867.253950000000,0.012972580000
1386864945,865.036490000000,0.010530560000
1386864945,864.030000000000,0.062412030000
1386864945,864.001740000000,0.012972580000
1386864922,884.016590000000,0.012876000000
1386864922,886.422200000000,0.129791130000
1386864921,869.471400000000,0.005750000000
1386864921,873.668970000000,0.090775110000
1386864921,877.010550000000,0.012876000000
1386864921,880.262750000000,0.012876010000
1386864921,881.606120000000,0.025752010000
1386864920,869.000000000000,0.987123980000
1386864916,867.457500000000,0.012876010000
1386864883,869.471400000000,0.010000000000
1386864873,883.970000000000,0.061901130000
1386864873,888.146570000000,0.003265020000
1386864873,888.146570000000,0.015181630000
1386864870,855.000000000000,0.927259200000
1386864866,855.000000000000,2.793818100000
1386864864,887.398140000000,0.012004180000
1386864864,889.000000000000,0.684198470000
1386864863,862.000000000000,0.106532750000
1386864863,862.000000000000,0.027587110000
1386864863,874.970000000000,0.009789520000
1386864863,877.970000000000,0.062324160000
1386864863,880.970000000000,0.062111920000
1386864863,887.074860000000,0.035451890000
1386864860,850.000000000000,0.050000000000
1386864860,850.000000000000,40.015280150000
1386864860,850.000000000000,0.140282340000
1386864860,850.000000000000,0.040000000000
1386864860,850.000000000000,0.075000000000
1386864860,850.000000000000,0.020000000000
1386864860,850.000000000000,0.376094810000
1386864860,850.000000000000,0.039022000000
1386864860,850.000000000000,0.361294120000
1386864860,850.000000000000,8.511121710000
1386864859,850.000000000000,0.850000000000
1386864859,850.000000000000,0.019822290000
1386864859,850.000000000000,0.330000000000
1386864859,850.000000000000,0.100000000000
1386864859,850.000000000000,0.010000000000
1386864859,850.000000000000,1.000000000000
1386864859,850.000000000000,0.076000000000
1386864859,850.000000000000,10.000000000000
1386864859,850.000000000000,2.000000000000
1386864859,850.000000000000,20.000000000000
1386864858,852.000000000000,1.000000000000
1386864858,851.000000000000,0.100000000000
1386864858,850.000000000000,0.194881950000
1386864858,850.000000000000,0.250000000000
1386864858,850.000000000000,14.670588240000
1386864858,850.000000000000,0.100000000000
1386864858,850.000000000000,0.073100000000
1386864858,850.000000000000,0.076119990000
1386864857,861.027810000000,0.095529990000
1386864857,858.024730000000,0.106999990000
1386864857,855.032120000000,0.107999990000
1386864857,855.000000000000,0.040000000000
1386864857,852.049950000000,0.061999990000
1386864856,861.027810000000,0.011470000000
1386864849,874.970000000000,0.031442840000
1386864848,862.000000000000,0.002694520000
1386864848,874.970000000000,0.021305480000
1386864846,860.000000000000,0.663423100000
1386864845,862.000000000000,0.007305470000
1386864838,850.000000000000,8.000045760000
1386864838,850.000000000000,10.000000000000
1386864838,850.000000000000,1.000000000000
1386864838,850.000000000000,0.600000000000
1386864838,850.000000000000,0.855118050000
1386864837,861.000000000000,1.990000000000
1386864837,858.595490000000,0.024189800000
1386864837,853.194610000000,0.047387680000
1386864837,851.855780000000,0.051927120000
1386864835,879.428840000000,0.000000040000
1386864831,890.000000000000,0.010000000000
1386864831,861.000000000000,0.010000000000
1386864828,890.000000000000,0.010000000000
1386864819,850.000000000000,2.000000000000
1386864819,850.000000000000,0.100000000000
1386864819,850.000000000000,0.330000000000
1386864819,850.000000000000,0.250000000000
1386864819,850.000000000000,0.100000000000
1386864819,850.000000000000,2.000000000000
1386864819,850.000000000000,8.384099050000
1386864818,850.000000000000,0.108755280000
1386864818,850.000000000000,0.019184510000
1386864818,850.000000000000,0.300000000000
1386864818,850.000000000000,0.100000000000
1386864818,850.000000000000,0.200000000000
1386864818,850.000000000000,0.500000000000
1386864818,850.000000000000,0.010000000000
1386864818,850.000000000000,1.000000000000
1386864817,850.000000000000,0.010000000000
1386864817,850.000000000000,0.060000000000
1386864817,850.000000000000,0.010000000000
1386864817,850.000000000000,0.000101010000
1386864817,850.000000000000,6.722400000000
1386864817,850.000000000000,0.530000000000
1386864817,850.000000000000,0.010000000000
1386864817,850.000000000000,0.300000000000
1386864817,850.000000000000,0.250000000000
1386864816,850.001000000000,0.280195490000
1386864816,850.000100000000,0.235294100000
1386864816,850.000000000000,0.100000000000
1386864816,850.000000000000,0.010000000000
1386864816,850.000000000000,1.000000000000
1386864816,850.000000000000,2.000000000000
1386864816,850.000000000000,0.971908070000
1386864816,850.000000000000,1.764000000000
1386864816,850.000000000000,25.000000000000
1386864816,850.000000000000,0.018823530000
1386864815,850.110000000000,11.110000000000
1386864815,850.100000000000,0.500000000000
1386864815,850.100000000000,0.534000000000
1386864815,850.100000000000,29.000000000000
1386864815,850.080000000000,1.000000000000
1386864815,850.030000000000,0.100000000000
1386864815,850.012000000000,2.500000000000
1386864815,850.010000000000,0.010000000000
1386864814,851.000000000000,1.175088120000
1386864814,851.000000000000,0.050000000000
1386864814,850.924930000000,0.523503830000
1386864814,849.030000000000,0.063514680000
1386864814,850.000000000000,0.100000000000
1386864814,850.000000000000,1.031760000000
1386864814,850.000000000000,23.529411750000
1386864814,850.300000000000,1.269915980000
1386864814,850.250000000000,0.352837390000
1386864814,850.242010000000,0.023999990000
1386864814,850.150000000000,0.352878890000
1386864813,851.000000000000,3.505287900000
1386864813,851.000000000000,0.500000000000
1386864813,851.000000000000,10.000000000000
1386864813,851.000000000000,1.746745300000
1386864813,851.000000000000,0.470000000000
1386864813,851.000000000000,1.000000000000
1386864813,851.000000000000,4.000000000000
1386864813,851.000000000000,0.500313190000
1386864812,851.000000000000,0.250000000000
1386864812,851.000000000000,15.000000000000
1386864811,851.000000000000,0.393654510000
1386864811,851.000000000000,2.000000000000
1386864811,851.000000000000,0.200000000000
1386864811,851.000000000000,5.000000000000
1386864811,851.000000000000,0.120000000000
1386864811,851.000000000000,10.000000000000
1386864811,851.000000000000,0.055130000000
1386864810,851.126350000000,0.016371270000
1386864810,851.111110000000,0.251500000000
1386864810,851.110000000000,2.000000000000
1386864810,851.100000000000,0.212524970000
1386864810,851.050000000000,0.200000000000
1386864810,851.020000000000,0.881295390000
1386864810,851.000000000000,0.100000000000
1386864810,851.000000000000,0.100000000000
1386864810,851.000000000000,0.050000000000
1386864809,851.600000000000,1.000000000000
1386864809,851.357910000000,0.110000000000
1386864809,851.357910000000,0.280195490000
1386864809,851.320970000000,0.018261840000
1386864809,851.300000000000,0.100000000000
1386864809,851.170000000000,0.218353710000
1386864809,851.140000000000,0.010000000000
1386864808,850.001000000000,0.010000000000
1386864808,850.000000000000,1.000000000000
1386864808,850.000000000000,0.100000000000
1386864808,850.000000000000,0.500000000000
1386864808,850.000000000000,1.000000000000
1386864808,850.000000000000,25.000000000000
1386864808,850.000000000000,0.150000000000
1386864808,850.000000000000,5.000000000000
1386864807,852.000000000000,0.050000000000
1386864807,852.000000000000,15.000000000000
1386864807,852.000000000000,0.150000000000
1386864807,852.000000000000,5.240000000000
1386864807,852.000000000000,0.234741770000
1386864807,850.100000000000,2.000000000000
1386864806,853.000000000000,0.109944960000
1386864806,853.000000000000,0.057446650000
1386864806,853.000000000000,0.026963660000
1386864806,853.000000000000,1.000000000000
1386864806,851.000000000000,0.050000000000
1386864806,852.659130000000,0.010305000000
1386864806,852.647970000000,0.099148950000
1386864806,852.647970000000,0.099148950000
1386864806,852.500000000000,0.015000000000
1386864806,852.422940000000,0.016519990000
1386864806,852.230000000000,0.064000000000
1386864806,852.100000000000,0.235000000000
1386864806,852.049950000000,0.106999990000
1386864806,852.030000000000,0.063291050000
1386864806,852.000000000000,0.500000000000
1386864806,852.000000000000,10.000000000000
1386864806,852.000000000000,0.100000000000
1386864806,852.000000000000,0.050000000000
1386864805,853.100000000000,0.100000000000
1386864805,853.000000000000,1.000000000000
1386864805,853.000000000000,2.000000000000
1386864805,853.000000000000,0.200000000000
1386864805,853.000000000000,0.001458530000
1386864805,853.000000000000,0.000557790000
1386864803,854.120000000000,1.800000000000
1386864803,854.100000000000,0.050000000000
1386864803,854.021850000000,0.116279060000
1386864803,854.000000000000,4.900470000000
1386864803,854.000000000000,25.000000000000
1386864803,854.000000000000,3.000000000000
1386864803,854.000000000000,0.190000000000
1386864803,853.987090000000,0.044322170000
1386864803,853.876000000000,0.585565120000
1386864802,855.000000000000,2.245495160000
1386864802,855.000000000000,0.010526320000
1386864802,855.000000000000,0.200000000000
1386864802,853.110000000000,0.030000000000
1386864802,854.300000000000,0.002704370000
1386864801,855.000000000000,0.128654960000
1386864801,855.000000000000,0.010000000000
1386864801,855.000000000000,1.000000000000
1386864801,855.000000000000,0.010000000000
1386864801,855.000000000000,0.310000000000
1386864801,855.000000000000,19.262935660000
1386864801,855.000000000000,5.000000000000
1386864801,855.000000000000,0.100000000000
1386864801,855.000000000000,0.200000000000
1386864800,855.220000000000,1.000000000000
1386864800,855.032120000000,0.105999990000
1386864800,855.010000000000,0.011695770000
1386864800,855.010000000000,0.251000000000
1386864800,855.000000000000,0.100000000000
1386864800,855.000000000000,0.250000000000
1386864800,855.000000000000,8.233000000000
1386864800,855.000000000000,0.500000000000
1386864800,855.000000000000,0.330000000000
1386864799,856.000000000000,10.000000000000
1386864799,855.600000000000,0.280500000000
1386864799,855.510000000000,1.060000000000
1386864798,856.123100000000,0.350416920000
1386864798,856.123000000000,8.951072860000
1386864798,856.110000000000,0.055000000000
1386864798,856.070000000000,0.200000000000
1386864798,856.030000000000,0.062995300000
1386864798,856.020000000000,0.876147740000
1386864798,856.000000000000,15.000000000000
1386864798,856.000000000000,0.250000000000
1386864797,856.420000000000,0.050000000000
1386864797,856.409050000000,0.016371280000
1386864797,854.500000000000,0.117027490000
1386864797,856.320000000000,0.500000000000
1386864797,856.200000000000,0.500000000000
1386864797,856.130000000000,0.250000000000
1386864796,857.000000000000,0.050000000000
1386864796,857.000000000000,0.112534570000
1386864796,857.000000000000,0.051641960000
1386864796,857.000000000000,5.000000000000
1386864796,855.110020000000,0.010000000000
1386864796,856.886220000000,0.004625080000
1386864796,856.732570000000,0.944555510000
1386864796,856.500000000000,1.339242480000
1386864796,854.605790000000,0.100600940000
1386864795,858.000000000000,1.000000000000
1386864795,856.000000000000,10.000000000000
1386864795,857.000000000000,32.616753790000
1386864795,857.496000000000,0.309533270000
1386864795,857.138050000000,0.116667310000
1386864795,857.000000000000,0.100000000000
1386864795,857.000000000000,0.652539630000
1386864794,860.000000000000,0.400000000000
1386864794,860.000000000000,0.040000000000
1386864794,860.000000000000,3.400000000000
1386864794,859.000000000000,0.020000000000
1386864794,859.000000000000,0.100000000000
1386864794,859.000000000000,0.185578030000
1386864794,857.100000000000,1.000000000000
1386864794,858.220000000000,0.100000000000
1386864794,858.024730000000,0.106000000000
1386864794,858.000000000000,0.079193200000
1386864794,858.000000000000,5.000000000000
1386864794,858.000000000000,0.060081590000
1386864793,860.000000000000,0.050000000000
1386864793,860.000000000000,0.100000000000
1386864793,860.000000000000,0.020000000000
1386864793,860.000000000000,20.000000000000
1386864793,860.000000000000,1.000000000000
1386864793,860.000000000000,0.010000000000
1386864793,860.000000000000,1.000000000000
1386864793,860.000000000000,0.509197660000
1386864793,860.000000000000,7.387000000000
1386864793,860.000000000000,0.383720920000
1386864793,860.000000000000,0.010465120000
1386864792,860.000000000000,0.023884470000
1386864792,860.000000000000,0.099245640000
1386864792,860.000000000000,0.008550460000
1386864792,860.000000000000,0.140000000000
1386864792,860.000000000000,0.250000000000
1386864792,860.000000000000,0.010000000000
1386864792,860.000000000000,1.000000000000
1386864792,860.000000000000,3.500000000000
1386864792,860.000000000000,0.100000000000
1386864792,860.000000000000,0.057000000000
1386864792,860.000000000000,0.896054270000
1386864792,860.000000000000,0.012480770000
1386864792,860.000000000000,1.000000000000
1386864792,860.000000000000,0.100000000000
1386864791,860.000000000000,15.286141400000
1386864791,860.000000000000,0.310000000000
1386864791,860.000000000000,0.010000000000
1386864791,860.000000000000,7.000000000000
1386864791,860.000000000000,1.000000000000
1386864791,860.000000000000,1.000000000000
1386864791,860.000000000000,0.500000000000
1386864790,860.100000000000,0.500000000000
1386864790,860.010000000000,1.000000000000
1386864790,860.010000000000,4.940830530000
1386864790,860.010000000000,0.012716620000
1386864786,860.550000000000,8.180000000000
1386864786,860.500000000000,0.500000000000
1386864786,860.500000000000,0.000404120000
1386864786,860.500000000000,0.020000000000
1386864785,861.027810000000,0.105999990000
1386864785,861.012000000000,4.000000000000
1386864785,861.000100000000,0.232288020000
1386864785,861.000000000000,0.462253180000
1386864785,861.000000000000,5.700000000000
1386864785,861.000000000000,11.826083070000
1386864785,861.000000000000,5.000000000000
1386864785,861.000000000000,1.000000000000
1386864784,861.724650000000,0.010060360000
1386864784,861.690000000000,1.306734430000
1386864784,861.400000000000,0.050000000000
1386864784,861.185720000000,0.010304990000
1386864784,861.110000000000,2.000000000000
1386864783,863.000000000000,1.000000000000
1386864783,862.999000000000,0.500000000000
1386864783,862.120000000000,0.200000000000
1386864783,862.110000000000,2.892863650000
1386864783,862.000020000000,3.528507940000
1386864783,862.000000000000,10.000000000000
1386864783,862.000000000000,0.307424580000
1386864783,862.000000000000,8.000000000000
1386864783,862.000000000000,3.138000000000
1386864783,862.000000000000,0.200000000000
1386864782,864.420000000000,0.050000000000
1386864782,864.100000000000,1.000000000000
1386864782,864.041400000000,0.103999990000
1386864782,864.000000000000,0.100000000000
1386864782,863.952330000000,0.114942520000
1386864782,863.140000000000,0.100000000000
1386864782,863.000000000000,0.050000000000
1386864782,863.000000000000,0.279721390000
1386864782,863.000000000000,2.400000000000
1386864781,866.000000000000,0.200000000000
1386864781,866.000000000000,2.750000000000
1386864781,865.571850000000,0.022144500000
1386864781,865.220000000000,2.000000000000
1386864781,865.196090000000,17.091203080000
1386864781,865.015100000000,0.500000000000
1386864781,865.010000000000,0.012716620000
1386864781,865.000000000000,1.965317920000
1386864781,865.000000000000,0.500000000000
1386864781,865.000000000000,0.010404610000
1386864781,864.999900000000,0.500000000000
1386864780,867.286000000000,0.100000000000
1386864780,867.065540000000,0.103999990000
1386864780,867.000000000000,1.004740470000
1386864780,867.000000000000,0.500000000000
1386864780,866.030000000000,0.062267900000
1386864780,866.010000000000,0.082331600000
1386864779,868.000000000000,0.500000000000
1386864778,869.100000000000,0.521736280000
1386864778,869.000000000000,0.070000000000
1386864778,868.300000000000,0.500000000000
1386864778,868.097090000000,0.022999980000
1386864778,868.000100000000,0.427453150000
1386864777,870.000000000000,0.017364150000
1386864777,870.000000000000,0.382151130000
1386864777,870.000000000000,0.114942530000
1386864777,870.000000000000,2.206896540000
1386864777,870.000000000000,51.270000000000
1386864777,870.000000000000,0.200000000000
1386864777,869.999900000000,13.814999990000
1386864777,869.770000000000,0.020974990000
1386864777,869.471400000000,0.015749990000
1386864776,870.000000000000,0.050000000000
1386864776,870.000000000000,0.020000000000
1386864776,870.000000000000,0.699999990000
1386864776,870.000000000000,0.085000000000
1386864776,870.000000000000,0.010344830000
1386864776,870.000000000000,0.500000000000
1386864776,870.000000000000,0.010000000000
1386864776,870.000000000000,5.110000000000
1386864775,871.000000000000,6.250000000000
1386864775,870.200000000000,0.010000000000
1386864775,870.100260000000,0.040000000000
1386864775,870.030000000000,0.061981620000
1386864775,870.000000000000,0.283499990000
1386864775,870.000000000000,2.305000000000
1386864775,870.000000000000,0.027354890000
1386864775,870.000000000000,8.900000000000
1386864774,872.809870000000,0.020131370000
1386864774,872.747710000000,0.114580640000
1386864774,872.565440000000,0.026254790000
1386864774,872.505370000000,0.015409410000
1386864774,872.387610000000,0.023693840000
1386864774,872.010000000000,0.050000000000
1386864774,872.000000000000,3.000000000000
1386864774,871.100000000000,5.000000000000
1386864774,871.000000000000,5.000000000000
1386864773,873.100000000000,1.000000000000
1386864773,873.000100000000,0.057273750000
1386864773,873.000000000000,0.500000000000
1386864773,873.000000000000,0.237000000000
1386864773,873.000000000000,40.228888410000
1386864772,874.136890000000,0.012094890000
1386864772,874.110000000000,0.050000000000
1386864772,874.030000000000,0.061697960000
1386864772,874.000000000000,2.000000000000
1386864772,873.882820000000,0.113636330000
1386864772,873.668970000000,0.025963560000
1386864772,873.500000000000,10.000000000000
1386864772,873.455570000000,0.100572430000
1386864772,873.414890000000,0.011305110000
1386864772,873.145610000000,0.104000000000
1386864771,875.000000000000,2.029999990000
1386864771,875.000000000000,0.010285700000
1386864771,875.000000000000,2.057142860000
1386864771,875.000000000000,0.034700000000
1386864771,874.200000000000,5.000000000000
1386864770,875.100010000000,5.155155000000
1386864770,875.100010000000,6.044844990000
1386864770,875.100010000000,6.044844990000
1386864770,875.100010000000,6.044844990000
1386864770,875.100000000000,0.518159070000
1386864770,875.100000000000,11.400000000000
1386864770,875.000000000000,0.170000000000
1386864770,875.000000000000,0.080118200000
1386864770,875.000000000000,0.100000000000
1386864770,875.000000000000,0.010000000000
1386864769,880.000000000000,0.200000000000
1386864769,876.201610000000,0.103999990000
1386864769,876.001000000000,5.056980430000
1386864769,876.000100000000,1.000000000000
1386864769,876.000000000000,3.534132410000
1386864768,881.688720000000,0.011305100000
1386864768,881.688720000000,0.027753630000
1386864768,880.000020000000,5.155155000000
1386864768,880.000020000000,5.155155000000
1386864768,880.000020000000,5.155155000000
1386864767,890.000000000000,0.696199980000
1386864762,894.500000000000,0.010000000000
1386864762,890.000000000000,0.013800020000
1386864726,894.764450000000,0.102999990000
1386864726,894.963830000000,0.011220950000
1386864726,895.400000000000,0.797012640000
1386864725,890.000000000000,0.840903460000
1386864725,892.999990000000,15.000000000000
1386864725,894.000000000000,0.297580000000
1386864725,894.764450000000,0.010029900000
1386864705,890.000000000000,0.019273760000
1386864705,890.000000000000,0.027533940000
1386864704,890.000000000000,0.010118720000
1386864696,890.000000000000,0.034592060000
1386864696,890.000000000000,0.049417230000
1386864695,890.000000000000,0.018160830000
1386864684,876.000000000000,4.000000000000
1386864673,889.999990000000,0.200000000000
1386864647,890.000000000000,3.324990000000
1386864645,890.000000000000,0.011000000000
1386864644,881.020000000000,0.010000000000
1386864644,890.000000000000,0.000083130000
1386864638,881.010000000000,0.300000000000
1386864638,880.015000000000,0.011305100000
1386864638,876.714940000000,0.011305100000
1386864638,876.000000000000,3.398489800000
1386864616,890.000000000000,0.011000000000
1386864605,894.720000000000,0.010000000000
1386864583,895.890000000000,1.000000000000
1386864572,895.890000000000,0.011000000000
1386864558,895.890000000000,0.011000000000
1386864550,889.915170000000,0.011220950000
1386864550,893.215230000000,0.011220950000
1386864549,880.020000000000,0.020000000000
1386864549,886.615110000000,0.011220950000
1386864534,897.000000000000,0.011000000000
1386864526,897.000000000000,0.011000000000
1386864517,875.200000000000,0.020000000000
1386864517,875.200000000000,0.574194760000
1386864517,875.200000000000,0.050883760000
1386864508,891.964040000000,0.024124360000
1386864508,896.900000000000,1.509615680000
1386864508,897.000000000000,9.162428390000
1386864500,875.100010000000,0.178119290000
1386864499,891.964040000000,0.011000000000
1386864499,876.201610000000,0.015930000000
1386864491,876.201610000000,0.013069990000
1386864490,896.900000000000,0.011000000000
1386864488,875.100010000000,0.452709150000
1386864487,890.000000000000,0.500000000000
1386864464,876.105680000000,0.023474920000
1386864464,876.000000000000,10.000000000000
1386864464,875.100110000000,0.057136310000
1386864464,875.100010000000,5.487255690000
1386864463,878.500000000000,0.050000000000
1386864463,878.000000000000,0.573990370000
1386864463,878.000000000000,0.341685650000
1386864463,876.201610000000,0.077999990000
1386864463,876.200000000000,2.000000000000
1386864462,880.000000000000,7.000000000000
1386864462,880.000000000000,0.056818170000
1386864462,880.000000000000,1.800000000000
1386864462,880.000000000000,3.546590910000
1386864462,879.285000000000,0.011819400000
1386864462,879.268310000000,0.104000000000
1386864462,879.030000000000,0.061347020000
1386864462,878.841560000000,0.018301240000
1386864461,880.000020000000,20.038746110000
1386864461,880.000010000000,22.450823870000
1386864461,880.000000000000,0.450000000000
1386864461,880.000000000000,0.200000000000
1386864461,880.000000000000,1.671000000000
1386864461,880.000000000000,0.010227260000
1386864460,882.500000000000,0.509915000000
1386864460,880.232300000000,0.113606360000
1386864460,880.151000000000,0.050000000000
1386864459,890.000000000000,4.920559990000
1386864459,890.000000000000,0.100000000000
1386864459,887.074860000000,0.011846910000
1386864417,897.000000000000,1.000000000000
1386864405,897.970000000000,1.000000000000
1386864402,897.960000000000,4.000000000000
1386864402,897.970000000000,2.008364950000
1386864395,897.970000000000,0.250000000000
1386864326,896.965560000000,0.009999990000
1386864326,894.941130000000,0.010000000000
1386864326,890.000000000000,0.079440010000
1386864258,898.990000000000,0.193437620000
1386864229,898.990000000000,0.010000000000
1386864216,899.000000000000,1.000000000000
1386864180,890.882270000000,0.010090440000
1386864064,900.000000000000,5.786403230000
1386864063,896.000000000000,0.722375920000
1386864037,896.674130000000,0.039814610000
1386864037,900.000000000000,0.960185390000
1386864014,880.000010000000,23.513462800000
1386864013,886.860830000000,0.015000000000
1386864013,885.433950000000,0.104000000000
1386864013,883.813310000000,0.112359540000
1386864013,882.345740000000,0.103999990000
1386864013,882.030000000000,0.061138360000
1386864013,882.000000000000,0.572461520000
1386864013,881.661000000000,5.500000000000
1386864013,880.123000000000,4.083814990000
1386864013,880.000100000000,0.010000000000
1386864012,891.964040000000,0.011737470000
1386864012,891.642820000000,0.103000000000
1386864012,890.882270000000,0.012981770000
1386864012,890.000000000000,0.353370000000
1386864012,888.532960000000,0.102999990000
1386863979,900.000000000000,0.296504200000
1386863964,900.000000000000,0.200000000000
1386863953,900.000000000000,0.099300000000
1386863933,900.000000000000,0.200000000000
1386863908,900.000000000000,0.200000000000
1386863874,900.000000000000,1.000000000000
1386863731,906.899980000000,1.354740080000
1386863730,904.225610000000,0.102999990000
1386863730,906.000000000000,0.010000000000
1386863730,906.890000000000,3.984401500000
1386863660,906.899980000000,1.000000000000
1386863653,906.899980000000,1.000000000000
1386863622,907.401510000000,0.068600780000
1386863621,905.970000000000,0.060397960000
1386863621,906.344410000000,0.112359540000
1386863596,907.401510000000,0.102999990000
1386863596,908.899000000000,0.332740020000
1386863595,904.598050000000,0.014259990000
1386863575,908.898000000000,1.000000000000
1386863575,908.899000000000,2.908653740000
1386863574,900.000000000000,0.039283720000
1386863574,903.449990000000,0.012898670000
1386863571,880.030000000000,0.061277310000
1386863571,880.010000000000,0.011000000000
1386863571,880.000110000000,0.227272710000
1386863571,880.000020000000,5.600000000000
1386863571,880.000020000000,5.600000000000
1386863571,880.000020000000,5.600000000000
1386863571,880.000010000000,7.035713330000
1386863570,882.345740000000,0.068999990000
1386863570,882.308730000000,0.026254790000
1386863570,882.010000000000,0.050000000000
1386863570,881.827940000000,0.026609590000
1386863570,881.000000000000,3.551713040000
1386863570,881.000000000000,0.096511760000
1386863570,881.000000000000,0.050000000000
1386863570,881.000000000000,0.043473330000
1386863570,880.459810000000,0.010999990000
1386863569,885.029530000000,0.112990570000
1386863569,885.000000000000,1.000000000000
1386863569,885.000000000000,0.010000000000
1386863569,885.000000000000,0.710641570000
1386863569,885.000000000000,0.075974990000
1386863569,883.867970000000,0.016637500000
1386863569,883.813310000000,0.112359520000
1386863569,883.030000000000,0.061069130000
1386863568,887.500000000000,0.010000000000
1386863568,887.307830000000,0.010999990000
1386863568,886.860830000000,0.015000000000
1386863568,886.327130000000,0.022999980000
1386863568,885.855000000000,0.035282250000
1386863568,885.433950000000,0.079999990000
1386863568,885.400000000000,1.000000000000
1386863567,891.000060000000,0.599999990000
1386863567,891.000000000000,5.000000000000
1386863567,891.000000000000,0.010101000000
1386863567,890.940130000000,0.013127380000
1386863567,890.000000000000,0.228000000000
1386863567,890.000000000000,0.010000000000
1386863567,890.000000000000,0.100000000000
1386863567,889.898240000000,0.012996140000
1386863567,889.415400000000,0.314720800000
1386863567,889.200000000000,0.010000000000
1386863567,889.140000000000,0.035282250000
1386863567,889.140000000000,0.100000000000
1386863567,889.000000000000,5.000000000000
1386863567,888.532960000000,0.102999990000
1386863567,888.261680000000,0.081613630000
1386863567,888.100000000000,0.000717890000
1386863567,888.056640000000,0.015124990000
1386863567,888.000000000000,0.010135140000
1386863566,892.000100000000,0.056053810000
1386863566,892.000010000000,16.799999990000
1386863566,892.000010000000,5.599999990000
1386863566,892.000000000000,100.000000000000
1386863566,891.642820000000,0.022999990000
1386863566,891.015000000000,0.289136950000
1386863566,891.010000000000,59.545908580000
1386863565,896.000000000000,4.102000000000
1386863565,896.000000000000,0.012715930000
1386863565,896.000000000000,0.017000000000
1386863565,895.000000000000,0.080500000000
1386863565,895.000000000000,1.974063400000
1386863565,894.763560000000,0.102999990000
1386863565,894.000000000000,2.718261300000
1386863565,894.000000000000,50.000000000000
1386863564,897.000010000000,0.401884040000
1386863564,897.000000000000,0.026671930000
1386863564,896.000010000000,5.599999990000
1386863563,900.000000000000,4.000000000000
1386863563,900.000000000000,1.100000000000
1386863563,898.000000000000,0.200000000000
1386863562,900.000000000000,0.355555560000
1386863489,908.899000000000,1.000000000000
1386863427,908.899000000000,0.035285980000
1386863363,908.500000000000,0.013028940000
1386863363,908.700000000000,4.796580330000
1386863363,909.000000000000,2.037473740000
1386863362,908.000000000000,1.523254390000
1386863362,908.000000000000,0.100000000000
1386863362,908.000000000000,5.000000000000
1386863362,908.500000000000,0.000158810000
1386863361,906.899980000000,3.095973700000
1386863354,906.899980000000,1.010000000000
1386863334,906.000000000000,0.010000000000
1386863334,906.000000000000,0.010000000000
1386863334,906.000000000000,0.010000000000
1386863334,906.000000000000,0.010000000000
1386863333,906.232300000000,0.358332550000
1386863333,906.000000000000,0.010000000000
1386863333,906.000000000000,0.010000000000
1386863308,906.899980000000,0.014026290000
1386863305,906.899980000000,1.480000000000
1386863276,906.232300000000,0.030000000000
1386863269,906.232300000000,4.000000000000
1386863254,906.232300000000,10.000000000000
1386863239,906.232300000000,10.000000000000
1386863207,906.232300000000,10.000000000000
1386863192,906.232300000000,0.080014350000
1386863106,906.232300000000,0.056061600000
1386863039,897.895230000000,0.102000000000
1386863039,896.000000000000,0.898000000000
1386863016,906.899980000000,0.043931520000
1386862976,908.000000000000,0.205642860000
1386862975,908.000000000000,5.600000000000
1386862966,906.899990000000,22.399999990000
1386862966,907.401510000000,0.102000000000
1386862966,907.555770000000,0.099999990000
1386862966,907.999990000000,5.600000000000
1386862966,907.999990000000,5.600000000000
1386862966,907.999990000000,5.600000000000
1386862966,907.999990000000,5.600000000000
1386862966,908.000000000000,0.042400000000
1386862965,904.899990000000,0.910866010000
1386862965,906.899980000000,5.599999990000
1386862965,906.899990000000,5.600000000000
1386862929,903.000000000000,0.568981640000
1386862929,904.900000000000,0.861541460000
1386862929,906.899990000000,10.708991660000
1386862926,903.000000000000,0.010000000000
1386862875,904.770000000000,1.776669610000
1386862875,904.800000000000,2.223000000000
1386862875,904.900000000000,16.771989360000
1386862874,904.000000000000,0.349999990000
1386862874,904.225610000000,0.102999990000
1386862873,903.950000000000,4.831322750000
1386862834,903.950000000000,0.048677250000
1386862769,903.980000000000,0.033398400000
1386862721,903.980000000000,0.134390860000
1386862683,904.000000000000,0.200000000000
1386862668,903.990000000000,0.075798290000
1386862668,904.000000000000,0.924201710000
1386862660,903.990000000000,0.100000000000
1386862646,903.990000000000,0.100000000000
1386862608,902.000000000000,0.432433910000
1386862413,904.225610000000,0.080000000000
1386862413,904.770000000000,1.714207510000
1386862412,903.995000000000,0.383576410000
1386862412,904.000000000000,0.359997080000
1386862412,904.000000000000,4.342100000000
1386862412,904.100000000000,3.020775050000
1386862411,895.000000000000,8.580514570000
1386862411,902.000000000000,0.022693920000
1386862409,895.000000000000,1.419485430000
1386862371,891.200000000000,0.851660670000
1386862371,891.200000000000,0.659351510000
1386862370,892.600000000000,0.262578840000
1386862370,892.305000000000,0.061957440000
1386862370,892.300000000000,0.279749130000
1386862370,892.138330000000,0.049942420000
1386862370,892.120000000000,0.100000000000
1386862370,892.100000000000,0.800000000000
1386862370,891.642820000000,0.103000000000
1386862370,891.547200000000,0.013750000000
1386862369,894.763560000000,0.102999990000
1386862369,893.110000000000,0.040000000000
1386862180,904.100000000000,0.010000000000
1386862049,904.225610000000,0.011000000000
1386862035,892.600000000000,0.084021160000
1386862028,894.000000000000,0.303716350000
1386862012,894.000000000000,4.983000000000
1386861985,904.225610000000,0.011000000000
1386861977,894.000000000000,0.017000000000
1386861932,904.900000000000,0.011000000000
1386861921,904.225610000000,0.102999990000
1386861921,904.898000000000,4.599582790000
1386861921,904.900000000000,5.104469180000
1386861921,892.305000000000,0.153744250000
1386861921,892.300000000000,0.840255750000
1386861920,899.995000000000,0.303621230000
1386861920,900.000000000000,0.886916800000
1386861919,899.000000000000,0.196933540000
1386861864,899.000000000000,0.011000000000
1386861848,892.305000000000,0.614402230000
1386861848,892.300000000000,0.407995110000
1386861847,894.763560000000,0.088999990000
1386861847,892.305000000000,0.615273200000
1386861846,898.000000000000,0.774000000000
1386861829,899.000000000000,0.011000000000
1386861801,895.000000000000,0.080497330000
1386861801,894.872500000000,0.013127390000
1386861801,894.763560000000,0.102999990000
1386861801,894.456000000000,0.012500000000
1386861801,893.060760000000,0.010151350000
1386861801,893.000000000000,0.010078390000
1386861801,892.310000000000,0.025968060000
1386861801,892.305000000000,0.028656240000
1386861800,898.279380000000,0.013127390000
1386861800,897.895230000000,0.104000000000
1386861800,895.000000000000,0.588837990000
1386861800,895.000000000000,0.010055870000
1386861717,899.000000000000,0.011000000000
1386861472,900.000000000000,0.103083200000
1386861472,900.000000000000,0.010000000000
1386861449,900.000000000000,0.897000010000
1386861448,901.037860000000,0.102999990000
1386861406,908.475600000000,0.200000000000
1386861406,908.500000000000,5.097515030000
1386861405,907.000000000000,0.250000000000
1386861405,907.000000000000,13.322000000000
1386861405,907.000000000000,0.000071150000
1386861405,908.000000000000,0.200000000000
1386861386,901.037860000000,0.102999990000
1386861386,900.100000000000,0.240599370000
1386861386,900.010000000000,2.267912050000
1386861386,900.000000000000,6.308488590000
1386861385,901.110000000000,0.080000000000
1386861314,906.000000000000,0.484829920000
1386861314,905.000000000000,2.400843670000
1386861313,907.000000000000,3.790000000000
1386861313,906.000000000000,0.324326410000
1386861228,907.000000000000,0.200000000000
1386861184,908.690000000000,0.010000000000
1386861126,907.000000000000,0.010000000000
1386861028,906.000000000000,0.042412910000
1386860958,906.000000000000,2.266516890000
1386860951,908.700000000000,6.203419670000
1386860940,906.000000000000,0.080000000000
1386860831,906.000000000000,0.049475150000
1386860786,906.000000000000,0.200000000000
1386860759,906.000000000000,0.037268630000
1386860704,905.000000000000,0.010000000000
1386860692,908.870000000000,12.000000000000
1386860683,908.870000000000,0.916141000000
1386860623,905.000000000000,0.200000000000
1386860542,905.000000000000,0.100000000000
1386860536,908.879700000000,3.000000000000
1386860536,908.879990000000,2.593921880000
1386860474,905.000000000000,0.259543670000
1386860472,905.000000000000,0.026595740000
1386860439,908.980000000000,0.015665930000
1386860424,907.980000000000,0.559438370000
1386860424,907.990000000000,0.250000000000
1386860424,908.980000000000,0.990561630000
1386860423,905.000000000000,0.100000000000
1386860280,900.100000000000,0.259400630000
1386860270,909.000000000000,25.000000000000
1386860212,908.000000000000,0.159787200000
1386860212,908.999900000000,0.500000000000
1386860212,909.000000000000,6.078990100000
1386860212,909.000000000000,11.790115120000
1386860211,907.900000000000,0.841405620000
1386860123,908.000000000000,0.030360370000
1386860121,900.000000000000,12.103573960000
1386860083,900.000000000000,0.018569810000
1386860079,908.000000000000,0.009852420000
1386860057,900.000000000000,0.010000000000
1386860040,908.000000000000,0.120600000000
1386860040,905.000000000000,0.562982250000
1386860040,900.000000000000,3.316417750000
1386860039,908.000000000000,0.075700000000
1386860020,909.000000000000,0.985180770000
1386859975,905.000000000000,0.030000000000
1386859956,909.000000000000,1.000000000000
1386859947,909.000000000000,1.000000000000
1386859930,905.000000000000,0.100000000000
1386859894,905.000000000000,0.200000000000
1386859813,905.000000000000,0.200000000000
1386859797,908.000000000000,1.629603290000
1386859797,908.900000000000,1.077187330000
1386859797,909.000000000000,3.306567510000
1386859796,908.000000000000,2.000000000000
1386859736,905.000000000000,0.200000000000
1386859729,905.000000000000,0.018763800000
1386859715,905.000000000000,0.082286140000
1386859708,905.000000000000,0.018000000000
1386859687,905.000000000000,0.007967800000
1386859686,905.000000000000,0.010796000000
1386859543,908.900000000000,0.676063350000
1386859527,908.900000000000,0.238959320000
1386859468,908.000000000000,0.012210000000
1386859468,908.900000000000,0.007790000000
1386859422,909.000000000000,5.831738320000
1386859421,908.354000000000,0.841617140000
1386859421,908.979990000000,4.805076820000
1386859421,908.989900000000,1.200615310000
1386859313,909.000000000000,0.020000000000
1386859286,895.000000000000,0.012290490000
1386859285,895.100000000000,0.654097610000
1386859285,895.100000000000,2.387844050000
1386859253,895.100000000000,0.010122980000
1386859173,900.100000000000,0.445400000000
1386859160,909.010000000000,0.583260940000
1386859160,909.990000000000,11.242937850000
1386859160,909.999980000000,16.827591020000
1386859159,908.990000000000,2.000000000000
1386859159,909.000000000000,0.631026850000
1386859159,909.000000000000,10.000000000000
1386859132,896.340000000000,0.249321230000
1386859132,895.232300000000,0.026962540000
1386859132,895.100000000000,1.316890510000
1386859108,896.340000000000,0.177492260000
1386859029,909.000000000000,0.150889140000
1386858981,909.000000000000,0.400000000000
1386858981,909.010000000000,0.416739060000
1386858970,895.232300000000,0.010000000000
1386858927,909.000000000000,0.100000000000
1386858902,895.232300000000,0.018888890000
1386858860,909.999890000000,0.109890100000
1386858860,909.999980000000,6.873251220000
1386858859,907.401510000000,0.089999990000
1386858859,909.000000000000,0.449135260000
1386858859,909.000000000000,1.620791180000
1386858859,909.900000000000,5.000000000000
1386858859,909.997000000000,5.000000000000
1386858845,908.980000000000,0.250000000000
1386858845,909.000000000000,0.995481600000
1386858844,907.401510000000,0.089999990000
1386858844,908.000000000000,0.157626710000
1386858844,908.000000000000,0.200000000000
1386858844,908.980000000000,0.056558590000
1386858843,907.320000000000,0.380000000000
1386858838,895.100000000000,0.018888890000
1386858719,907.401510000000,0.011000000000
1386858710,897.895230000000,0.100000000000
1386858703,908.000000000000,0.832873290000
1386858702,905.000000000000,0.057555700000
1386858601,905.000000000000,0.033445000000
1386858553,903.000000000000,0.983000000000
1386858553,908.000000000000,0.496000000000
1386858515,908.000000000000,0.011000000000
1386858495,902.000000000000,0.302768870000
1386858495,900.900000000000,0.397231130000
1386858479,903.000000000000,0.012716620000
1386858461,909.000000000000,6.444939990000
1386858439,909.000000000000,0.020027630000
1386858439,909.000000000000,0.046731130000
1386858438,907.401510000000,0.102000000000
1386858438,908.999990000000,0.298410000000
1386858438,909.000000000000,0.201741920000
1386858438,909.000000000000,1.435832840000
1386858437,906.837940000000,0.013205010000
1386858409,894.763560000000,0.102999990000
1386858409,893.286190000000,0.013304800000
1386858409,893.000000000000,0.100000000000
1386858409,892.010000000000,8.558753990000
1386858408,897.895230000000,0.104000000000
1386858408,896.674130000000,0.013304790000
1386858408,895.000000000000,0.080934580000
1386858407,900.000000000000,0.339305740000
1386858406,900.980000000000,1.869079990000
1386858236,909.999900000000,0.109890100000
1386858236,909.999980000000,1.513891210000
1386858235,907.401510000000,0.090469990000
1386858235,909.900000000000,0.800000000000
1386858235,909.980000000000,1.952304260000
1386858235,909.999000000000,0.100000000000
1386858234,906.650000000000,0.989000000000
1386858227,906.650000000000,0.011000000000
1386858220,900.250000000000,0.339305750000
1386858220,900.000000000000,0.660694250000
1386857953,907.401510000000,0.011530000000
1386857932,907.401510000000,0.011999990000
1386857932,909.999990000000,3.838000010000
1386857921,907.401510000000,0.102000000000
1386857921,909.999990000000,0.000072520000
1386857900,909.500000000000,1.000000000000
1386857900,909.850000000000,1.000000000000
1386857900,909.909000000000,0.994700000000
1386857900,909.970000000000,0.060132470000
1386857900,909.999890000000,0.109890100000
1386857900,909.999990000000,7.562517960000
1386857899,906.511280000000,0.010000000000
1386857899,906.890380000000,0.046586450000
1386857899,906.970000000000,0.060331370000
1386857899,907.000000000000,0.963581370000
1386857899,907.000000000000,0.100000000000
1386857899,907.401510000000,0.102000000000
1386857899,907.880000000000,0.668637200000
1386857899,908.240000000000,0.012138590000
1386857899,909.000000000000,0.300000000000
1386857899,909.119550000000,0.381372830000
1386857898,904.420000000000,0.050000000000
1386857898,904.598050000000,0.014259990000
1386857898,905.000000000000,0.012643050000
1386857898,905.000000000000,3.470000000000
1386857898,905.320880000000,0.111942140000
1386857898,905.811860000000,0.023462840000
1386857898,906.000000000000,0.100000000000
1386857898,906.000000000000,0.096200000000
1386857898,906.000000000000,0.600000000000
1386857898,906.344410000000,0.112359550000
1386857897,901.254320000000,0.023462840000
1386857897,902.959800000000,0.309972140000
1386857897,903.033660000000,0.021999990000
1386857897,903.970000000000,0.060531590000
1386857897,904.000000000000,0.500000000000
1386857897,904.225610000000,0.102000000000
1386857896,901.000000000000,0.018000000000
1386857896,901.000000000000,0.099400000000
1386857887,900.000000000000,0.000003580000
1386857886,901.000000000000,0.010000000000
1386857832,901.000000000000,0.011000000000
1386857830,900.000000000000,0.010000000000
1386857825,900.000000000000,0.010000000000
1386857823,901.000000000000,0.011000000000
1386857789,900.000000000000,0.180439500000
1386857788,900.000000000000,3.245470330000
1386857788,900.000000000000,5.000000000000
1386857788,900.000000000000,3.356000000000
1386857788,900.000000000000,0.491008180000
1386857780,900.000000000000,0.709259500000
1386857779,899.987000000000,0.089000000000
1386857747,899.987000000000,0.011000000000
1386857707,895.000000000000,0.019065420000
1386857693,900.000000000000,0.700000000000
1386857691,900.000000000000,0.011000000000
1386857633,900.000000000000,1.115613280000
1386857633,900.000000000000,0.334270170000
1386857632,898.000000000000,3.377398870000
1386857562,900.000000000000,0.081183630000
1386857562,900.000000000000,1.988000000000
1386857562,900.000000000000,0.200000000000
1386857562,900.000000000000,0.075157220000
1386857562,900.000000000000,0.010000000000
1386857562,900.000000000000,0.489505390000
1386857562,900.000000000000,5.000000000000
1386857562,900.000000000000,3.884386720000
1386857561,899.999990000000,1.206931720000
1386857561,900.000000000000,0.034809890000
1386857553,899.999990000000,1.000000000000
1386857524,899.999990000000,0.011000000000
1386857333,899.999990000000,6.050000000000
1386857331,899.999990000000,0.017683180000
1386857306,899.999990000000,0.010000000000
1386857299,899.999990000000,0.011172360000
1386857285,899.999990000000,0.010000000000
1386857281,899.999990000000,0.677044450000
1386857280,899.186870000000,0.014729420000
1386857280,899.500000000000,0.308226130000
1386857271,899.000000000000,0.017906610000
1386857259,899.500000000000,0.011117290000
1386857231,899.500000000000,0.011000000000
1386857225,899.000000000000,0.010000000000
1386857217,899.500000000000,0.011000000000
1386857211,899.000000000000,0.014943800000
1386857205,899.999990000000,0.291434930000
1386857204,899.000000000000,1.000000000000
1386857171,899.994170000000,0.014720880000
1386857171,899.999990000000,0.714733360000
1386857170,899.000000000000,0.319794440000
1386857170,899.500000000000,1.000000000000
1386857170,899.700000000000,0.050000000000
1386857170,899.790000000000,0.089997570000
1386857170,899.861880000000,0.011680840000
1386857170,899.970000000000,0.060800630000
1386857156,899.000000000000,2.447877170000
1386857150,899.000000000000,0.297327390000
1386857148,899.000000000000,1.000000000000
1386857137,899.000000000000,0.018943600000
1386857134,899.000000000000,0.011000000000
1386857123,898.000000000000,0.075658680000
1386857122,898.000000000000,0.471717510000
1386857121,899.000000000000,0.905057400000
1386857120,897.495000000000,0.429363540000
1386857120,898.000000000000,0.010000000000
1386857058,897.874360000000,0.819443940000
1386857058,897.907120000000,0.103000000000
1386857058,897.985000000000,0.077556060000
1386857053,889.000000000000,0.100000000000
1386857045,897.874360000000,0.011000000000
1386857035,897.874360000000,0.105656050000
1386857034,897.000000000000,1.904020460000
1386857034,897.000000000000,0.298200000000
1386856965,897.000000000000,12.778348380000
1386856909,897.000000000000,1.000000000000
1386856896,896.960000000000,0.089000000000
1386856896,896.970000000000,0.629000000000
1386856896,896.970000000000,0.027522680000
1386856896,897.000000000000,0.254477320000
1386856884,896.960000000000,0.011000000000
1386856875,890.000000000000,0.328360280000
1386856875,888.000000000000,41.322282450000
1386856874,890.050000000000,0.224223190000
1386856814,894.764450000000,0.011000000000
1386856803,890.050000000000,0.019065560000
1386856753,896.970000000000,0.011000000000
1386856707,890.050000000000,0.100000000000
1386856651,896.970000000000,0.010000000000
1386856605,897.000000000000,0.011000000000
1386856588,890.000000000000,4.000000000000
1386856460,897.000000000000,0.011000000000
1386856448,890.000000000000,0.208000000000
1386856420,897.000000000000,5.573408360000
1386856418,896.970000000000,7.000000000000
1386856290,897.000000000000,0.011000000000
1386856280,890.000000000000,0.010000000000
1386856280,897.000000000000,0.011000000000
1386856280,890.000000000000,0.010000000000
1386856278,897.000000000000,0.009862430000
1386856257,890.000000000000,0.420000000000
1386856245,890.000000000000,0.010000000000
1386856244,897.000000000000,6.362939990000
1386856244,897.000000000000,0.009862440000
1386856243,895.500000000000,0.239329930000
1386856243,896.000000000000,2.703738680000
1386856243,896.000000000000,0.100000000000
1386856243,896.031280000000,0.029819990000
1386856243,896.078160000000,0.020446560000
1386856243,896.210960000000,0.029819990000
1386856229,895.500000000000,0.000543990000
1386856229,890.000000000000,0.010000000000
1386856228,894.764450000000,0.009116780000
1386856215,894.764450000000,0.000225860000
1386856213,890.000000000000,0.010000000000
1386856212,894.764450000000,0.009774140000
1386856198,894.764450000000,0.010000000000
1386856183,890.000000000000,0.010000000000
1386856181,890.000000000000,0.010000000000
1386856180,894.764450000000,0.009887070000
1386856167,894.764450000000,0.009887070000
1386856167,890.000000000000,0.010000000000
1386856162,894.764450000000,0.011111000000
1386856152,890.000000000000,0.010000000000
1386856151,894.764450000000,0.009887080000
1386856146,894.764450000000,0.011111000000
1386856136,890.000000000000,0.010000000000
1386856135,896.000000000000,0.009760660000
1386856134,895.000000000000,0.192195960000
1386856134,896.000000000000,0.207804040000
1386856124,894.764450000000,0.081888990000
1386856124,895.000000000000,0.113097470000
1386856124,895.000000000000,0.018523230000
1386856124,895.000000000000,0.007804040000
1386856123,894.764450000000,0.011111000000
1386856120,894.764450000000,0.010000000000
1386856105,890.000000000000,0.936510390000
1386856100,895.000000000000,0.011111000000
1386856078,890.000000000000,0.010000000000
1386856078,890.000000000000,0.010000000000
1386856050,895.000000000000,0.000000010000
1386856045,895.000000000000,0.010000000000
1386856045,895.000000000000,0.000809110000
1386856043,895.000000000000,0.010000000000
1386856043,895.000000000000,0.010000000000
1386856038,895.000000000000,0.011111000000
1386856031,890.000000000000,0.009820000000
1386856030,895.000000000000,0.010000000000
1386856030,890.000000000000,0.010000000000
1386856029,890.000000000000,0.010000000000
1386856013,895.000000000000,0.010000000000
1386856013,895.000000000000,0.010000000000
1386856012,896.000000000000,0.010000000000
1386856005,895.000000000000,0.031282160000
1386856005,895.000000000000,0.005275530000
1386856005,896.000000000000,0.005835470000
1386856002,895.000000000000,0.034000000000
1386855997,890.000000000000,0.010000000000
1386855997,890.000000000000,0.001711160000
1386855996,890.000000000000,0.010000000000
1386855995,890.000000000000,0.010000000000
1386855984,890.750000000000,0.240999920000
1386855984,890.687520000000,0.000321910000
1386855984,890.000000000000,1.925598170000
1386855981,895.000000000000,0.010000000000
1386855981,895.000000000000,0.009785580000
1386855980,895.000000000000,0.011111000000
1386855977,895.000000000000,0.033000000000
1386855966,890.750000000000,0.010000000000
1386855965,890.750000000000,0.010000000000
1386855957,895.000000000000,0.011111000000
1386855950,895.000000000000,0.009892800000
1386855948,895.000000000000,0.030000000000
1386855936,890.750000000000,0.010000000000
1386855935,895.000000000000,0.009785580000
1386855922,895.000000000000,0.010000000000
1386855908,890.750000000000,0.020569990000
1386855907,890.750000000000,0.010000000000
1386855906,890.750000000000,0.010000000000
1386855892,896.000000000000,0.009881750000
1386855877,890.750000000000,0.010000000000
1386855862,896.000000000000,0.009829060000
1386855848,886.000000000000,0.010000000000
1386855846,896.000000000000,0.003150330000
1386855830,896.000000000000,0.010000000000
1386855815,896.000000000000,0.010000000000
1386855814,896.000000000000,0.010000000000
1386855781,886.010000000000,0.006330950000
1386855781,886.000000000000,0.013669060000
1386855780,888.532960000000,0.079999990000
1386855748,886.010000000000,0.003669050000
1386855747,886.414380000000,0.010000000000
1386855746,888.532960000000,0.008288800000
1386855746,886.414380000000,0.001711200000
1386855745,888.532960000000,0.010000000000
1386855733,896.000000000000,0.010000000000
1386855728,896.005000000000,0.009571330000
1386855727,896.005000000000,0.010000000000
1386855727,896.005000000000,0.010000000000
1386855713,888.532960000000,0.000599990000
1386855713,888.532960000000,0.009400010000
1386855712,888.532960000000,0.010000000000
1386855711,888.532960000000,0.010000000000
1386855696,896.005000000000,0.008430900000
1386855695,896.005000000000,0.010000000000
1386855690,896.005000000000,1.000000000000
1386855683,896.005000000000,0.465189180000
1386855680,888.532960000000,0.010000000000
1386855666,896.005000000000,0.010000000000
1386855665,888.532960000000,0.010000000000
1386855651,896.005000000000,0.010000000000
1386855648,896.005000000000,0.013370100000
1386855637,888.532960000000,0.010000000000
1386855634,896.005000000000,0.010000000000
1386855626,888.532960000000,0.032400000000
1386855616,888.532960000000,0.010000000000
1386855616,896.005000000000,0.010000000000
1386855590,888.532960000000,0.010000000000
1386855589,896.005000000000,0.010000000000
1386855570,891.320000000000,0.366000000000
1386855562,891.320000000000,0.010000000000
1386855561,896.050000000000,0.010000000000
1386855534,891.320000000000,0.010000000000
1386855533,896.050000000000,0.010000000000
1386855507,896.050000000000,0.010000000000
1386855507,892.000000000000,0.010000000000
1386855481,892.000000000000,0.010000000000
1386855480,896.050000000000,0.010000000000
1386855465,896.980000000000,0.100000000000
1386855465,896.990000000000,0.174095080000
1386855464,896.100000000000,0.725904920000
1386855463,892.000000000000,0.580146320000
1386855454,892.000000000000,0.010000000000
1386855453,896.100000000000,0.010000000000
1386855439,896.100000000000,0.049000000000
1386855424,896.100000000000,0.010000000000
1386855424,892.000000000000,0.010000000000
1386855423,896.100000000000,0.050000000000
1386855415,892.000000000000,0.050000000000
1386855398,892.000000000000,0.050000000000
1386855397,892.000000000000,0.010000000000
1386855397,892.000000000000,0.010000000000
1386855395,896.100000000000,0.009910560000
1386855391,896.100000000000,0.050000000000
1386855387,892.000000000000,0.627103490000
1386855381,892.000000000000,0.050000000000
1386855368,896.000000000000,0.003613210000
1386855368,892.000000000000,0.006386790000
1386855367,896.100000000000,0.009938890000
1386855366,896.000000000000,0.010000000000
1386855350,896.100000000000,0.009938890000
1386855341,896.100000000000,0.050000000000
1386855335,896.000000000000,0.010000000000
1386855334,896.100000000000,0.009806740000
1386855319,896.100000000000,0.010000000000
1386855307,896.990000000000,1.000000000000
1386855272,896.990000000000,1.000000000000
1386855271,896.000000000000,0.010000000000
1386855269,896.990000000000,0.010000000000
1386855261,896.990000000000,1.000000000000
1386855259,896.990000000000,1.000000000000
1386855255,896.000000000000,0.010000000000
1386855255,896.990000000000,1.000000000000
1386855254,896.000000000000,0.010000000000
1386855253,896.990000000000,0.009786860000
1386855250,896.990000000000,0.039300000000
1386855239,897.000000000000,0.010000000000
1386855224,896.000000000000,0.010000000000
1386855223,897.000000000000,0.010000000000
1386855205,896.000000000000,0.010000000000
1386855203,896.000000000000,0.010000000000
1386855202,897.000000000000,0.287007810000
1386855202,897.000000000000,0.009502430000
1386855187,896.000000000000,0.005641710000
1386855186,897.000000000000,0.010000000000
1386855173,896.000000000000,0.010000000000
1386855158,896.000000000000,0.010000000000
1386855158,897.000000000000,0.000355410000
1386855157,897.000000000000,0.009644590000
1386855155,897.000000000000,0.010000000000
1386855140,897.000000000000,0.010000000000
1386855133,897.000000000000,0.011111000000
1386855128,896.000000000000,0.010000000000
1386855126,896.000000000000,0.010000000000
1386855125,897.000000000000,0.010000000000
1386855116,897.000000000000,0.200000000000
1386855110,897.000000000000,0.011111000000
1386855098,896.000000000000,0.010000000000
1386855097,897.000000000000,0.010000000000
1386855092,897.000000000000,0.011111000000
1386855070,896.000000000000,0.010000000000
1386855069,896.000000000000,0.010000000000
1386855068,897.000000000000,0.000000010000
1386855053,897.000000000000,0.009928910000
1386855050,897.000000000000,0.066329070000
1386855037,897.000000000000,0.009169440000
1386855037,896.000000000000,0.010000000000
1386855022,897.000000000000,0.010000000000
1386855015,897.000000000000,0.400000000000
1386854969,897.000000000000,0.010000000000
1386854960,896.000000000000,0.010000000000
1386854960,897.000000000000,0.698843570000
1386854960,897.000000000000,0.000688400000
1386854958,896.000000000000,0.010000000000
1386854957,897.000000000000,0.009311600000
1386854954,897.000000000000,1.963101310000
1386854943,897.000000000000,0.010000000000
1386854925,897.000000000000,1.000000000000
1386854871,897.000000000000,0.010000000000
1386854870,897.000000000000,0.010000000000
1386854859,897.000000000000,0.011111000000
1386854855,896.000000000000,0.009593030000
1386854854,896.000000000000,0.010000000000
1386854853,896.000000000000,0.010000000000
1386854852,896.000000000000,0.010000000000
1386854837,897.000000000000,0.010000000000
1386854837,897.000000000000,0.009857840000
1386854832,897.000000000000,0.011111000000
1386854822,896.000000000000,0.010000000000
1386854822,896.000000000000,0.010000000000
1386854767,897.000000000000,0.000094910000
1386854753,896.000000000000,0.000381950000
1386854753,897.000000000000,0.040000000000
1386854752,896.000000000000,0.040000000000
1386854735,897.000000000000,0.039715670000
1386854720,897.000000000000,0.000000010000
1386854720,896.000000000000,0.040000000000
1386854720,897.000000000000,0.039715670000
1386854720,896.000000000000,0.040000000000
1386854719,897.000000000000,0.001677250000
1386854695,897.000000000000,4.400000000000
1386854623,897.000000000000,0.040000000000
1386854614,897.000000000000,0.011111000000
1386854609,897.000000000000,0.011111000000
1386854609,896.000000000000,0.001975620000
1386854608,896.000000000000,0.040000000000
1386854606,897.000000000000,0.029578080000
1386854597,896.000000000000,0.500000000000
1386854576,897.000000000000,0.846484520000
1386854573,896.000000000000,0.010000000000
1386854572,897.000000000000,0.010000000000
1386854566,897.000000000000,0.010000000000
1386854558,896.000000000000,0.010000000000
1386854557,896.000000000000,0.010000000000
1386854556,897.000000000000,0.010000000000
1386854542,897.000000000000,0.010000000000
1386854527,896.000000000000,0.010000000000
1386854527,896.000000000000,0.010000000000
1386854526,896.000000000000,0.010000000000
1386854511,896.000000000000,0.050000000000
1386854461,896.000000000000,0.253202950000
1386854460,896.000000000000,0.041730150000
1386854341,896.000000000000,0.044730000000
1386854338,896.000000000000,0.310948420000
1386854336,896.000000000000,0.010000000000
1386854281,896.000000000000,0.016252150000
1386854272,896.000000000000,0.100000000000
1386854235,896.988000000000,0.434655830000
1386854235,897.000000000000,25.874336250000
1386854230,896.988000000000,0.011111000000
1386854223,896.000000000000,0.054000000000
1386854190,897.000000000000,0.019587510000
1386854182,896.999900000000,0.111482710000
1386854182,897.000000000000,0.195120460000
1386854166,897.000000000000,0.010000000000
1386854156,897.000000000000,34.500000000000
1386854150,896.000000000000,4.780508860000
1386854139,896.273920000000,0.102525340000
1386854139,896.874360000000,0.936099990000
1386854139,896.999900000000,0.111482710000
1386854139,897.000000000000,1.105252850000
1386854138,896.270000000000,48.960000000000
1386854090,896.270000000000,1.040000000000
1386854058,896.273920000000,0.011111000000
1386854046,896.000000000000,0.010000000000
1386854041,895.970000000000,0.061072070000
1386854041,896.000000000000,0.050000000000
1386854040,895.320000000000,0.441383100000
1386854040,895.320000000000,1.000000000000
1386853994,895.000000000000,0.010000000000
1386853913,895.320000000000,0.011111000000
1386853829,895.320000000000,0.000000010000
1386853818,895.320000000000,0.047505890000
1386853805,895.000000000000,0.010000000000
1386853783,895.000000000000,0.999861530000
1386853782,894.999990000000,12.716819450000
1386853762,894.999990000000,1.000000000000
1386853760,891.000000000000,1.000000000000
1386853760,890.000000000000,1.000000000000
1386853747,894.764450000000,0.102999990000
1386853747,894.999990000000,0.121911010000
1386853746,893.500000000000,0.268889000000
1386853746,894.000000000000,0.500000000000
1386853746,894.100000000000,0.006200000000
1386853743,892.000000000000,0.268889000000
1386853743,893.000000000000,0.500000000000
1386853743,893.500000000000,0.231111000000
1386853727,890.000000000000,0.014301360000
1386853713,892.000000000000,0.011111000000
1386853691,890.000000000000,0.306325190000
1386853691,890.000000000000,0.152133690000
1386853681,892.000000000000,0.210000000000
1386853638,892.000000000000,0.490000000000
1386853625,892.000000000000,0.010000000000
1386853617,892.000000000000,0.500000000000
1386853533,894.999990000000,8.610820490000
1386853532,894.700000000000,0.080610710000
1386853532,894.764450000000,0.102999990000
1386853522,894.700000000000,0.019389290000
1386853468,894.764450000000,0.102999990000
1386853468,894.764450000000,0.027661960000
1386853468,894.999990000000,0.539338050000
1386853438,890.000000000000,0.680615280000
1386853437,890.000000000000,0.319384720000
1386853410,892.000000000000,0.769000000000
1386853410,890.000000000000,0.231000000000
1386853386,894.999990000000,0.011111000000
1386853360,892.000000000000,1.000000000000
1386853352,894.764450000000,0.011111000000
1386853283,892.000000000000,0.015874150000
1386853266,890.000000000000,0.457000000000
1386853230,895.000000000000,0.112865540000
1386853223,892.931700000000,0.011731420000
1386853223,894.000000000000,1.000000000000
1386853223,894.500000000000,0.500000000000
1386853223,894.764450000000,0.092399990000
1386853223,894.900000000000,0.499800000000
1386853223,895.000000000000,3.838323200000
1386853222,891.000000000000,0.000083960000
1386853222,891.632780000000,0.103999990000
